<?xml version="1.0" encoding="UTF-8"?>
<!DOCTYPE html PUBLIC "-//W3C//DTD XHTML 1.0 Transitional//EN"
    "http://www.w3.org/TR/xhtml1/DTD/xhtml1-transitional.dtd">
<html xmlns="http://www.w3.org/1999/xhtml" xml:lang="en" lang="en">
 <head>
  <title>
</title>
<meta http-equiv="Content-Type" content="text/html;charset=utf-8" />
  <meta name='ocr-system' content='tesseract 3.04.00' />
  <meta name='ocr-capabilities' content='ocr_page ocr_carea ocr_par ocr_line ocrx_word'/>
</head>
<body>
  <div class='ocr_page' id='page_1' title='image "./historiaeseuvit03lippgoog_0830.png"; bbox 0 0 3347 4999; ppageno 0'>
   <div class='ocr_carea' id='block_1_1' title="bbox 699 313 3155 383">
    <p class='ocr_par' dir='ltr' id='par_1_1' title="bbox 699 313 3155 383">
     <span class='ocr_line' id='line_1_1' title="bbox 699 313 3155 383; baseline -0.001 0"><span class='ocrx_word' id='word_1_1' title='bbox 699 318 827 383; x_wconf 73' lang='lat'><strong>692</strong></span> <span class='ocrx_word' id='word_1_2' title='bbox 1228 334 1306 380; x_wconf 74' lang='lat' dir='ltr'><strong>ns</strong></span> <span class='ocrx_word' id='word_1_3' title='bbox 1357 333 1412 380; x_wconf 89' lang='lat' dir='ltr'><strong>s.</strong></span> <span class='ocrx_word' id='word_1_4' title='bbox 1466 332 1715 380; x_wconf 56' lang='lat' dir='ltr'><strong>anama</strong></span> <span class='ocrx_word' id='word_1_5' title='bbox 1761 332 1952 380; x_wconf 69' lang='lat' dir='ltr'><strong>nar.</strong></span> <span class='ocrx_word' id='word_1_6' title='bbox 2003 332 2079 378; x_wconf 74' lang='lat' dir='ltr'><strong>nr</strong></span> <span class='ocrx_word' id='word_1_7' title='bbox 2124 329 2325 379; x_wconf 80' lang='lat' dir='ltr'><strong>sociis</strong></span> <span class='ocrx_word' id='word_1_8' title='bbox 2372 330 2522 379; x_wconf 74' lang='lat' dir='ltr'><strong>mus</strong></span> <span class='ocrx_word' id='word_1_9' title='bbox 2835 313 3017 380; x_wconf 84' lang='lat' dir='ltr'><strong>OCT.</strong></span> <span class='ocrx_word' id='word_1_10' title='bbox 3073 315 3155 380; x_wconf 71' lang='lat'><strong>24</strong></span> 
     </span>
    </p>
   </div>
   <div class='ocr_carea' id='block_1_2' title="bbox 597 414 3171 4496">
    <p class='ocr_par' dir='ltr' id='par_1_2' title="bbox 605 414 3161 2016">
     <span class='ocr_line' id='line_1_2' title="bbox 607 414 3154 508; baseline -0.002 -18"><span class='ocrx_word' id='word_1_11' title='bbox 607 418 730 505; x_wconf 90' lang='lat' dir='ltr'><strong>qui</strong></span> <span class='ocrx_word' id='word_1_12' title='bbox 776 431 879 489; x_wconf 88' lang='lat' dir='ltr'><strong>est</strong></span> <span class='ocrx_word' id='word_1_13' title='bbox 939 419 1006 487; x_wconf 89' lang='lat' dir='ltr'><strong>in</strong></span> <span class='ocrx_word' id='word_1_14' title='bbox 1080 417 1273 508; x_wconf 86' lang='lat' dir='ltr'><strong>ipsa,</strong></span> <span class='ocrx_word' id='word_1_15' title='bbox 1340 417 1725 506; x_wconf 86' lang='lat' dir='ltr'><strong>sanguine,</strong></span> <span class='ocrx_word' id='word_1_16' title='bbox 1794 429 1860 486; x_wconf 91' lang='lat' dir='ltr'><strong>et</strong></span> <span class='ocrx_word' id='word_1_17' title='bbox 1929 414 2298 485; x_wconf 90' lang='lat' dir='ltr'><strong>involvitur</strong></span> <span class='ocrx_word' id='word_1_18' title='bbox 2361 414 2643 491; x_wconf 85' lang='lat' dir='ltr'><strong>fasciis.</strong></span> <span class='ocrx_word' id='word_1_19' title='bbox 2695 427 2761 484; x_wconf 93' lang='lat' dir='ltr'><strong>et</strong></span> <span class='ocrx_word' id='word_1_20' title='bbox 2809 414 3154 504; x_wconf 87' lang='lat' dir='ltr'><strong>paulatim</strong></span> 
     </span>
     <span class='ocr_line' id='line_1_3' title="bbox 610 502 3154 597; baseline -0.001 -21"><span class='ocrx_word' id='word_1_21' title='bbox 610 507 863 597; x_wconf 88' lang='lat' dir='ltr'><strong>accipit</strong></span> <span class='ocrx_word' id='word_1_22' title='bbox 910 507 1437 586; x_wconf 88' lang='lat' dir='ltr'><strong>incrementum,</strong></span> <span class='ocrx_word' id='word_1_23' title='bbox 1491 503 1744 574; x_wconf 91' lang='lat' dir='ltr'><strong>deinde</strong></span> <span class='ocrx_word' id='word_1_24' title='bbox 1781 505 1983 574; x_wconf 88' lang='lat' dir='ltr'><strong>etiam</strong></span> <span class='ocrx_word' id='word_1_25' title='bbox 2020 502 2306 585; x_wconf 90' lang='lat' dir='ltr'><strong>laborat,</strong></span> <span class='ocrx_word' id='word_1_26' title='bbox 2348 516 2415 574; x_wconf 92' lang='lat' dir='ltr'><strong>et</strong></span> <span class='ocrx_word' id='word_1_27' title='bbox 2446 504 2611 584; x_wconf 89' lang='lat' dir='ltr'><strong>sitit,</strong></span> <span class='ocrx_word' id='word_1_28' title='bbox 2648 516 2715 572; x_wconf 91' lang='lat' dir='ltr'><strong>et</strong></span> <span class='ocrx_word' id='word_1_29' title='bbox 2747 503 3030 573; x_wconf 84' lang='lat' dir='ltr'><strong>tandem</strong></span> <span class='ocrx_word' id='word_1_30' title='bbox 3085 506 3154 573; x_wconf 91' lang='lat' dir='ltr'><strong>in</strong></span> 
     </span>
     <span class='ocr_line' id='line_1_4' title="bbox 610 592 3156 685; baseline -0.002 -19"><span class='ocrx_word' id='word_1_31' title='bbox 610 617 886 666; x_wconf 85' lang='lat' dir='ltr'><strong>crucem</strong></span> <span class='ocrx_word' id='word_1_32' title='bbox 939 596 1190 685; x_wconf 88' lang='lat' dir='ltr'><strong>agitur,</strong></span> <span class='ocrx_word' id='word_1_33' title='bbox 1227 606 1291 664; x_wconf 90' lang='lat' dir='ltr'><strong>et</strong></span> <span class='ocrx_word' id='word_1_34' title='bbox 1348 594 1662 675; x_wconf 91' lang='lat' dir='ltr'><strong>moritur,</strong></span> <span class='ocrx_word' id='word_1_35' title='bbox 1728 600 1903 663; x_wconf 90' lang='lat' dir='ltr'><strong>Deus</strong></span> <span class='ocrx_word' id='word_1_36' title='bbox 1933 614 2081 664; x_wconf 91' lang='lat' dir='ltr'><strong>esse</strong></span> <span class='ocrx_word' id='word_1_37' title='bbox 2132 593 2409 672; x_wconf 88' lang='lat' dir='ltr'><strong>dicitur,</strong></span> <span class='ocrx_word' id='word_1_38' title='bbox 2457 606 2531 662; x_wconf 89' lang='lat' dir='ltr'><strong>ut</strong></span> <span class='ocrx_word' id='word_1_39' title='bbox 2581 592 2751 662; x_wconf 90' lang='lat' dir='ltr'><strong>citra</strong></span> <span class='ocrx_word' id='word_1_40' title='bbox 2812 592 3156 663; x_wconf 88' lang='lat' dir='ltr'><strong>rationem</strong></span> 
     </span>
     <span class='ocr_line' id='line_1_5' title="bbox 608 680 3158 772; baseline -0.002 -17"><span class='ocrx_word' id='word_1_41' title='bbox 608 685 969 755; x_wconf 87' lang='lat' dir='ltr'><strong>Abraamio</strong></span> <span class='ocrx_word' id='word_1_42' title='bbox 1004 684 1272 753; x_wconf 89' lang='lat' dir='ltr'><strong>videtur</strong></span> <span class='ocrx_word' id='word_1_43' title='bbox 1317 696 1382 752; x_wconf 92' lang='lat' dir='ltr'><strong>et</strong></span> <span class='ocrx_word' id='word_1_44' title='bbox 1412 682 1719 754; x_wconf 76' lang='lat' dir='ltr'><strong>Isaacio?</strong></span> <span class='ocrx_word' id='word_1_45' title='bbox 1764 687 1945 752; x_wconf 87' lang='lat' dir='ltr'><strong>Haec</strong></span> <span class='ocrx_word' id='word_1_46' title='bbox 1992 703 2151 751; x_wconf 87' lang='lat' dir='ltr'><strong>cum</strong></span> <span class='ocrx_word' id='word_1_47' title='bbox 2203 682 2303 752; x_wconf 89' lang='lat' dir='ltr'><strong>sic</strong></span> <span class='ocrx_word' id='word_1_48' title='bbox 2352 682 2771 763; x_wconf 77' lang='lat' dir='ltr'>dicerentur,</span> <span class='ocrx_word' id='word_1_49' title='bbox 2807 680 2857 749; x_wconf 91' lang='lat' dir='ltr'><strong>ii</strong></span> <span class='ocrx_word' id='word_1_50' title='bbox 2893 681 3024 750; x_wconf 86' lang='lat' dir='ltr'><strong>viri</strong></span> <span class='ocrx_word' id='word_1_51' title='bbox 3065 682 3158 772; x_wconf 89' lang='lat' dir='ltr'><strong>pii</strong></span> 
     </span>
     <span class='ocr_line' id='line_1_6' title="bbox 612 769 3156 853; baseline -0.001 -11"><span class='ocrx_word' id='word_1_52' title='bbox 612 795 748 845; x_wconf 91' lang='lat' dir='ltr'><strong>non</strong></span> <span class='ocrx_word' id='word_1_53' title='bbox 798 772 1090 843; x_wconf 84' lang='lat' dir='ltr'><strong>ferentes</strong></span> <span class='ocrx_word' id='word_1_54' title='bbox 1119 771 1385 841; x_wconf 92' lang='lat' dir='ltr'><strong>diutius</strong></span> <span class='ocrx_word' id='word_1_55' title='bbox 1423 774 1624 841; x_wconf 82' lang='lat' dir='ltr'><strong>Deum</strong></span> <span class='ocrx_word' id='word_1_56' title='bbox 1662 770 1842 841; x_wconf 86' lang='lat' dir='ltr'><strong>affici</strong></span> <span class='ocrx_word' id='word_1_57' title='bbox 1876 769 2324 853; x_wconf 64' lang='lat' dir='ltr'><strong>contumeliA,</strong></span> <span class='ocrx_word' id='word_1_58' title='bbox 2360 770 2598 840; x_wconf 89' lang='lat' dir='ltr'><strong>scissis</strong></span> <span class='ocrx_word' id='word_1_59' title='bbox 2632 770 2781 839; x_wconf 89' lang='lat' dir='ltr'><strong>suis</strong></span> <span class='ocrx_word' id='word_1_60' title='bbox 2813 770 3156 846; x_wconf 83' lang='lat' dir='ltr'><strong>vestibus,</strong></span> 
     </span>
     <span class='ocr_line' id='line_1_7' title="bbox 606 858 3161 952; baseline -0.002 -19"><span class='ocrx_word' id='word_1_61' title='bbox 606 884 727 933; x_wconf 85' lang='lat' dir='ltr'><strong>eos</strong></span> <span class='ocrx_word' id='word_1_62' title='bbox 772 862 1105 933; x_wconf 84' lang='lat' dir='ltr'><strong>vocabant</strong></span> <span class='ocrx_word' id='word_1_63' title='bbox 1138 859 1536 939; x_wconf 84' lang='lat' dir='ltr'><strong>haereticos,</strong></span> <span class='ocrx_word' id='word_1_64' title='bbox 1570 873 1635 929; x_wconf 93' lang='lat' dir='ltr'><strong>et</strong></span> <span class='ocrx_word' id='word_1_65' title='bbox 1687 882 1935 952; x_wconf 88' lang='lat' dir='ltr'><strong>magno</strong></span> <span class='ocrx_word' id='word_1_66' title='bbox 1982 860 2218 930; x_wconf 88' lang='lat' dir='ltr'><strong>animo</strong></span> <span class='ocrx_word' id='word_1_67' title='bbox 2255 881 2370 930; x_wconf 93' lang='lat' dir='ltr'><strong>eos</strong></span> <span class='ocrx_word' id='word_1_68' title='bbox 2415 858 2847 949; x_wconf 82' lang='lat' dir='ltr'>expellebant</span> <span class='ocrx_word' id='word_1_69' title='bbox 2897 858 2987 928; x_wconf 89' lang='lat' dir='ltr'><strong>ab</strong></span> <span class='ocrx_word' id='word_1_70' title='bbox 3039 864 3161 928; x_wconf 85' lang='lat' dir='ltr'><strong>Ec-</strong></span> 
     </span>
     <span class='ocr_line' id='line_1_8' title="bbox 608 947 3155 1038; baseline -0.002 -16"><span class='ocrx_word' id='word_1_71' title='bbox 608 951 818 1022; x_wconf 89' lang='lat' dir='ltr'><strong>clesia</strong></span> <span class='ocrx_word' id='word_1_72' title='bbox 849 949 1211 1029; x_wconf 88' lang='lat' dir='ltr'><strong>catholica,</strong></span> <span class='ocrx_word' id='word_1_73' title='bbox 1247 949 1627 1019; x_wconf 77' lang='lat' dir='ltr'><strong>Nestorium</strong></span> <span class='ocrx_word' id='word_1_74' title='bbox 1662 970 1902 1018; x_wconf 89' lang='lat' dir='ltr'><strong>eorum</strong></span> <span class='ocrx_word' id='word_1_75' title='bbox 1947 949 2353 1038; x_wconf 88' lang='lat' dir='ltr'><strong>magistrum</strong></span> <span class='ocrx_word' id='word_1_76' title='bbox 2408 947 2860 1028; x_wconf 81' lang='lat' dir='ltr'>damnantes,</span> <span class='ocrx_word' id='word_1_77' title='bbox 2908 960 2988 1016; x_wconf 90' lang='lat' dir='ltr'><strong>ut</strong></span> <span class='ocrx_word' id='word_1_78' title='bbox 3037 948 3155 1035; x_wconf 88' lang='lat' dir='ltr'><strong>qui</strong></span> 
     </span>
     <span class='ocr_line' id='line_1_9' title="bbox 608 1036 3151 1125; baseline -0.002 -16"><span class='ocrx_word' id='word_1_79' title='bbox 608 1040 779 1110; x_wconf 85' lang='lat' dir='ltr'><strong>tales</strong></span> <span class='ocrx_word' id='word_1_80' title='bbox 817 1040 1222 1110; x_wconf 80' lang='lat' dir='ltr'><strong>seminasset</strong></span> <span class='ocrx_word' id='word_1_81' title='bbox 1253 1036 1574 1107; x_wconf 81' lang='lat' dir='ltr'><strong>zizanias.</strong></span> <span class='ocrx_word' id='word_1_82' title='bbox 1620 1036 2109 1114; x_wconf 79' lang='lat' dir='ltr'><strong>Deindeetiam</strong></span> <span class='ocrx_word' id='word_1_83' title='bbox 2150 1036 2375 1108; x_wconf 86' lang='lat' dir='ltr'><strong>fusius</strong></span> <span class='ocrx_word' id='word_1_84' title='bbox 2426 1037 3031 1125; x_wconf 66' lang='lat' dir='ltr'><strong>persequebantur</strong></span> <span class='ocrx_word' id='word_1_85' title='bbox 3077 1058 3151 1105; x_wconf 90' lang='lat' dir='ltr'><strong>ea</strong></span> 
     </span>
     <span class='ocr_line' id='line_1_10' title="bbox 607 1124 3148 1218; baseline -0.003 -19"><span class='ocrx_word' id='word_1_86' title='bbox 607 1150 786 1215; x_wconf 87' lang='lat' dir='ltr'><strong>quae</strong></span> <span class='ocrx_word' id='word_1_87' title='bbox 835 1128 1265 1218; x_wconf 85' lang='lat' dir='ltr'><strong>pertinebant</strong></span> <span class='ocrx_word' id='word_1_88' title='bbox 1315 1127 1399 1196; x_wconf 89' lang='lat' dir='ltr'><strong>ad</strong></span> <span class='ocrx_word' id='word_1_89' title='bbox 1458 1127 1762 1196; x_wconf 89' lang='lat' dir='ltr'><strong>divinam</strong></span> <span class='ocrx_word' id='word_1_90' title='bbox 1817 1125 2049 1195; x_wconf 88' lang='lat' dir='ltr'><strong>carnis</strong></span> <span class='ocrx_word' id='word_1_91' title='bbox 2083 1139 2441 1215; x_wconf 85' lang='lat' dir='ltr'><strong>susceptae</strong></span> <span class='ocrx_word' id='word_1_92' title='bbox 2502 1124 3148 1214; x_wconf 79' lang='lat' dir='ltr'><strong>dispensationem:</strong></span> 
     </span>
     <span class='ocr_line' id='line_1_11' title="bbox 610 1213 3153 1304; baseline -0.001 -18"><span class='ocrx_word' id='word_1_93' title='bbox 610 1218 627 1286; x_wconf 92' lang='lat' dir='ltr'><strong>i</strong></span> <span class='ocrx_word' id='word_1_94' title='bbox 684 1219 883 1304; x_wconf 89' lang='lat' dir='ltr'><strong>sique</strong></span> <span class='ocrx_word' id='word_1_95' title='bbox 926 1215 1304 1288; x_wconf 88' lang='lat' dir='ltr'><strong>orthodoxa</strong></span> <span class='ocrx_word' id='word_1_96' title='bbox 1348 1215 1740 1285; x_wconf 89' lang='lat' dir='ltr'><strong>divinorum</strong></span> <span class='ocrx_word' id='word_1_97' title='bbox 1794 1213 2267 1304; x_wconf 73' lang='lat' dir='ltr'><strong>Apostolorum</strong></span> <span class='ocrx_word' id='word_1_98' title='bbox 2318 1225 2384 1282; x_wconf 91' lang='lat' dir='ltr'><strong>et</strong></span> <span class='ocrx_word' id='word_1_99' title='bbox 2448 1227 2722 1303; x_wconf 89' lang='lat' dir='ltr'><strong>patrum</strong></span> <span class='ocrx_word' id='word_1_100' title='bbox 2780 1226 3153 1301; x_wconf 85' lang='lat' dir='ltr'><strong>sequentes</strong></span> 
     </span>
     <span class='ocr_line' id='line_1_12' title="bbox 655 1302 3152 1396; baseline -0.002 -19"><span class='ocrx_word' id='word_1_101' title='bbox 655 1318 952 1396; x_wconf 81' lang='lat' dir='ltr'><strong>ogmata,</strong></span> <span class='ocrx_word' id='word_1_102' title='bbox 994 1311 1203 1375; x_wconf 84' lang='lat' dir='ltr'><strong>Deum</strong></span> <span class='ocrx_word' id='word_1_103' title='bbox 1249 1304 1650 1395; x_wconf 86' lang='lat' dir='ltr'><strong>perfectum,</strong></span> <span class='ocrx_word' id='word_1_104' title='bbox 1703 1318 1767 1373; x_wconf 90' lang='lat' dir='ltr'><strong>et</strong></span> <span class='ocrx_word' id='word_1_105' title='bbox 1827 1303 2176 1373; x_wconf 89' lang='lat' dir='ltr'><strong>hominem</strong></span> <span class='ocrx_word' id='word_1_106' title='bbox 2219 1302 2593 1391; x_wconf 87' lang='lat' dir='ltr'><strong>perfectum</strong></span> <span class='ocrx_word' id='word_1_107' title='bbox 2633 1302 3152 1372; x_wconf 89' lang='lat' dir='ltr'><strong>confitebantur</strong></span> 
     </span>
     <span class='ocr_line' id='line_1_13' title="bbox 609 1390 3146 1483; baseline -0.003 -18"><span class='ocrx_word' id='word_1_108' title='bbox 609 1395 980 1467; x_wconf 84' lang='lat' dir='ltr'><strong>Christum.</strong></span> <span class='ocrx_word' id='word_1_109' title='bbox 1026 1394 1094 1462; x_wconf 90' lang='lat' dir='ltr'><strong>in</strong></span> <span class='ocrx_word' id='word_1_110' title='bbox 1123 1416 1264 1464; x_wconf 91' lang='lat' dir='ltr'><strong>una</strong></span> <span class='ocrx_word' id='word_1_111' title='bbox 1309 1393 1659 1483; x_wconf 82' lang='lat' dir='ltr'><strong>hypostasi</strong></span> <span class='ocrx_word' id='word_1_112' title='bbox 1693 1392 1869 1462; x_wconf 87' lang='lat' dir='ltr'><strong>duas</strong></span> <span class='ocrx_word' id='word_1_113' title='bbox 1907 1404 2187 1462; x_wconf 90' lang='lat' dir='ltr'><strong>naturas</strong></span> <span class='ocrx_word' id='word_1_114' title='bbox 2221 1391 2723 1481; x_wconf 86' lang='lat' dir='ltr'><strong>conjungentes</strong></span> <span class='ocrx_word' id='word_1_115' title='bbox 2763 1390 2943 1461; x_wconf 90' lang='lat' dir='ltr'><strong>citra</strong></span> <span class='ocrx_word' id='word_1_116' title='bbox 2983 1413 3146 1461; x_wconf 90' lang='lat' dir='ltr'><strong>con-</strong></span> 
     </span>
     <span class='ocr_line' id='line_1_14' title="bbox 610 1479 3152 1570; baseline -0.001 -18"><span class='ocrx_word' id='word_1_117' title='bbox 610 1482 976 1554; x_wconf 84' lang='lat' dir='ltr'><strong>fusionem.</strong></span> <span class='ocrx_word' id='word_1_118' title='bbox 1019 1488 1232 1570; x_wconf 81' lang='lat' dir='ltr'><strong>Atque</strong></span> <span class='ocrx_word' id='word_1_119' title='bbox 1281 1504 1439 1552; x_wconf 90' lang='lat' dir='ltr'><strong>cum</strong></span> <span class='ocrx_word' id='word_1_120' title='bbox 1491 1483 1590 1552; x_wconf 88' lang='lat' dir='ltr'><strong>sic</strong></span> <span class='ocrx_word' id='word_1_121' title='bbox 1637 1482 1918 1569; x_wconf 91' lang='lat' dir='ltr'><strong>quidem</strong></span> <span class='ocrx_word' id='word_1_122' title='bbox 1956 1480 2131 1552; x_wconf 90' lang='lat' dir='ltr'><strong>Silas</strong></span> <span class='ocrx_word' id='word_1_123' title='bbox 2164 1504 2202 1550; x_wconf 91' lang='lat' dir='ltr'><strong>a</strong></span> <span class='ocrx_word' id='word_1_124' title='bbox 2251 1502 2459 1570; x_wconf 84' lang='lat' dir='ltr'><strong>scopo</strong></span> <span class='ocrx_word' id='word_1_125' title='bbox 2491 1480 2882 1563; x_wconf 82' lang='lat' dir='ltr'><strong>excidisset,</strong></span> <span class='ocrx_word' id='word_1_126' title='bbox 2923 1479 3152 1549; x_wconf 88' lang='lat' dir='ltr'><strong>inani-</strong></span> 
     </span>
     <span class='ocr_line' id='line_1_15' title="bbox 610 1567 3152 1662; baseline -0.002 -20"><span class='ocrx_word' id='word_1_127' title='bbox 610 1574 742 1642; x_wconf 88' lang='lat' dir='ltr'><strong>bus</strong></span> <span class='ocrx_word' id='word_1_128' title='bbox 783 1571 894 1662; x_wconf 90' lang='lat' dir='ltr'><strong>(ut</strong></span> <span class='ocrx_word' id='word_1_129' title='bbox 924 1571 1209 1660; x_wconf 85' lang='lat' dir='ltr'><strong>dicitur)</strong></span> <span class='ocrx_word' id='word_1_130' title='bbox 1251 1570 1572 1641; x_wconf 88' lang='lat' dir='ltr'><strong>manibus</strong></span> <span class='ocrx_word' id='word_1_131' title='bbox 1609 1584 1711 1641; x_wconf 91' lang='lat' dir='ltr'><strong>est</strong></span> <span class='ocrx_word' id='word_1_132' title='bbox 1756 1592 2090 1649; x_wconf 79' lang='lat' dir='ltr'><strong>reversuS‚</strong></span> <span class='ocrx_word' id='word_1_133' title='bbox 2134 1582 2199 1638; x_wconf 91' lang='lat' dir='ltr'><strong>et</strong></span> <span class='ocrx_word' id='word_1_134' title='bbox 2245 1569 2345 1638; x_wconf 89' lang='lat' dir='ltr'><strong>sic</strong></span> <span class='ocrx_word' id='word_1_135' title='bbox 2396 1573 2571 1638; x_wconf 68' lang='lat' dir='ltr'><strong>vana</strong></span> <span class='ocrx_word' id='word_1_136' title='bbox 2621 1589 2742 1658; x_wconf 90' lang='lat' dir='ltr'><strong>spe</strong></span> <span class='ocrx_word' id='word_1_137' title='bbox 2770 1569 2898 1638; x_wconf 85' lang='lat' dir='ltr'><strong>&#39;est</strong></span> <span class='ocrx_word' id='word_1_138' title='bbox 2956 1567 3152 1637; x_wconf 89' lang='lat' dir='ltr'><strong>delu-</strong></span> 
     </span>
     <span class='ocr_line' id='line_1_16' title="bbox 612 1656 3148 1749; baseline -0 -20"><span class='ocrx_word' id='word_1_139' title='bbox 612 1683 766 1733; x_wconf 90' lang='lat' dir='ltr'><strong>sus:</strong></span> <span class='ocrx_word' id='word_1_140' title='bbox 800 1661 1204 1730; x_wconf 90' lang='lat' dir='ltr'><strong>Abraamius</strong></span> <span class='ocrx_word' id='word_1_141' title='bbox 1231 1674 1457 1729; x_wconf 90' lang='lat' dir='ltr'><strong>autem</strong></span> <span class='ocrx_word' id='word_1_142' title='bbox 1497 1660 1643 1749; x_wconf 91' lang='lat' dir='ltr'><strong>ipsc</strong></span> <span class='ocrx_word' id='word_1_143' title='bbox 1670 1680 1943 1747; x_wconf 86' lang='lat' dir='ltr'><strong>quoque</strong></span> <span class='ocrx_word' id='word_1_144' title='bbox 1969 1658 2233 1734; x_wconf 85' lang='lat' dir='ltr'><strong>foedere</strong></span> <span class='ocrx_word' id='word_1_145' title='bbox 2266 1657 2436 1727; x_wconf 79' lang='lat' dir='ltr'><strong>inito</strong></span> <span class='ocrx_word' id='word_1_146' title='bbox 2463 1680 2622 1727; x_wconf 91' lang='lat' dir='ltr'><strong>cum</strong></span> <span class='ocrx_word' id='word_1_147' title='bbox 2652 1656 3148 1736; x_wconf 77' lang='lat' dir='ltr'><strong>Alamundaro,</strong></span> 
     </span>
     <span class='ocr_line' id='line_1_17' title="bbox 607 1745 3154 1836; baseline -0.001 -17"><span class='ocrx_word' id='word_1_148' title='bbox 607 1751 1039 1836; x_wconf 89' lang='lat' dir='ltr'><strong>salutatoque</strong></span> <span class='ocrx_word' id='word_1_149' title='bbox 1084 1750 1344 1818; x_wconf 89' lang='lat' dir='ltr'><strong>Isaacio</strong></span> <span class='ocrx_word' id='word_1_150' title='bbox 1392 1749 1459 1817; x_wconf 92' lang='lat' dir='ltr'><strong>in</strong></span> <span class='ocrx_word' id='word_1_151' title='bbox 1512 1748 1853 1817; x_wconf 86' lang='lat' dir='ltr'><strong>Persidem</strong></span> <span class='ocrx_word' id='word_1_152' title='bbox 1889 1760 2285 1829; x_wconf 89' lang='lat' dir='ltr'><strong>revertente,</strong></span> <span class='ocrx_word' id='word_1_153' title='bbox 2338 1745 2540 1818; x_wconf 89' lang='lat' dir='ltr'><strong>rediit</strong></span> <span class='ocrx_word' id='word_1_154' title='bbox 2592 1758 2657 1816; x_wconf 92' lang='lat' dir='ltr'><strong>et</strong></span> <span class='ocrx_word' id='word_1_155' title='bbox 2704 1747 2892 1836; x_wconf 92' lang='lat' dir='ltr'><strong>ipse,</strong></span> <span class='ocrx_word' id='word_1_156' title='bbox 2948 1761 3154 1833; x_wconf 90' lang='lat' dir='ltr'><strong>atque</strong></span> 
     </span>
     <span class='ocr_line' id='line_1_18' title="bbox 605 1835 3154 1927; baseline -0.001 -19"><span class='ocrx_word' id='word_1_157' title='bbox 605 1838 841 1908; x_wconf 91' lang='lat' dir='ltr'><strong>omnia</strong></span> <span class='ocrx_word' id='word_1_158' title='bbox 902 1838 1219 1927; x_wconf 82' lang='lat' dir='ltr'><strong>exposuit</strong></span> <span class='ocrx_word' id='word_1_159' title='bbox 1259 1838 1543 1906; x_wconf 87' lang='lat' dir='ltr'><strong>Justino</strong></span> <span class='ocrx_word' id='word_1_160' title='bbox 1602 1837 2050 1927; x_wconf 87' lang='lat' dir='ltr'><strong>Imperatori,</strong></span> <span class='ocrx_word' id='word_1_161' title='bbox 2111 1850 2175 1906; x_wconf 91' lang='lat' dir='ltr'><strong>et</strong></span> <span class='ocrx_word' id='word_1_162' title='bbox 2225 1835 2620 1926; x_wconf 91' lang='lat' dir='ltr'><strong>praesertim</strong></span> <span class='ocrx_word' id='word_1_163' title='bbox 2679 1856 2856 1922; x_wconf 89' lang='lat' dir='ltr'><strong>quae</strong></span> <span class='ocrx_word' id='word_1_164' title='bbox 2892 1857 2937 1904; x_wconf 88' lang='lat' dir='ltr'><strong>a</strong></span> <span class='ocrx_word' id='word_1_165' title='bbox 2972 1839 3154 1926; x_wconf 84' lang='lat' dir='ltr'><strong>Rege</strong></span> 
     </span>
     <span class='ocr_line' id='line_1_19' title="bbox 610 1924 2695 2016; baseline -0.001 -19"><span class='ocrx_word' id='word_1_166' title='bbox 610 1928 1114 1997; x_wconf 87' lang='lat' dir='ltr'><strong>Homeritarum</strong></span> <span class='ocrx_word' id='word_1_167' title='bbox 1153 1926 1329 1996; x_wconf 87' lang='lat' dir='ltr'><strong>facta</strong></span> <span class='ocrx_word' id='word_1_168' title='bbox 1366 1938 1432 1995; x_wconf 93' lang='lat' dir='ltr'><strong>et</strong></span> <span class='ocrx_word' id='word_1_169' title='bbox 1477 1926 1731 2016; x_wconf 90' lang='lat' dir='ltr'><strong>scripta</strong></span> <span class='ocrx_word' id='word_1_170' title='bbox 1778 1939 1940 1995; x_wconf 90' lang='lat' dir='ltr'><strong>sunt</strong></span> <span class='ocrx_word' id='word_1_171' title='bbox 1972 1937 2207 1995; x_wconf 89' lang='lat' dir='ltr'><strong>contra</strong></span> <span class='ocrx_word' id='word_1_172' title='bbox 2250 1924 2695 1994; x_wconf 88' lang='lat' dir='ltr'><strong>Christianos.</strong></span> 
     </span>
    </p>

    <p class='ocr_par' dir='ltr' id='par_1_3' title="bbox 597 2012 3171 4496">
     <span class='ocr_line' id='line_1_20' title="bbox 695 2012 3154 2103; baseline -0.003 -15"><span class='ocrx_word' id='word_1_173' title='bbox 695 2018 734 2103; x_wconf 66' lang='grc' dir='ltr'>ἓ</span> <span class='ocrx_word' id='word_1_174' title='bbox 784 2022 930 2088; x_wconf 66' lang='lat'><strong>22.</strong></span> <span class='ocrx_word' id='word_1_175' title='bbox 980 2014 1107 2084; x_wconf 92' lang='lat' dir='ltr'><strong>Ille</strong></span> <span class='ocrx_word' id='word_1_176' title='bbox 1145 2029 1370 2085; x_wconf 88' lang='lat' dir='ltr'><strong>autem</strong></span> <span class='ocrx_word' id='word_1_177' title='bbox 1423 2015 1572 2084; x_wconf 93' lang='lat' dir='ltr'><strong>sine</strong></span> <span class='ocrx_word' id='word_1_178' title='bbox 1622 2036 1814 2084; x_wconf 89' lang='lat' dir='ltr'><strong>mora</strong></span> <span class='ocrx_word' id='word_1_179' title='bbox 1860 2014 2139 2102; x_wconf 84' lang='lat' dir='ltr'><strong>scripsit</strong></span> <span class='ocrx_word' id='word_1_180' title='bbox 2189 2013 2272 2082; x_wconf 88' lang='lat' dir='ltr'><strong>ad</strong></span> <span class='ocrx_word' id='word_1_181' title='bbox 2316 2013 2650 2083; x_wconf 82' lang='lat' dir='ltr'><strong>Asterium</strong></span> <span class='ocrx_word' id='word_1_182' title='bbox 2701 2012 3154 2082; x_wconf 82' lang='lat' dir='ltr'><strong>Alexandriae</strong></span> 
     </span>
     <span class='ocr_line' id='line_1_21' title="bbox 610 2100 3155 2194; baseline -0.002 -19"><span class='ocrx_word' id='word_1_183' title='bbox 610 2111 658 2175; x_wconf 89' lang='lat' dir='ltr'><strong>E</strong></span> <span class='ocrx_word' id='word_1_184' title='bbox 714 2108 1053 2193; x_wconf 90' lang='lat' dir='ltr'><strong>iscopum‚</strong></span> <span class='ocrx_word' id='word_1_185' title='bbox 1090 2116 1167 2174; x_wconf 92' lang='lat' dir='ltr'><strong>ut</strong></span> <span class='ocrx_word' id='word_1_186' title='bbox 1215 2104 1528 2173; x_wconf 89' lang='lat' dir='ltr'><strong>incitaret</strong></span> <span class='ocrx_word' id='word_1_187' title='bbox 1574 2109 1824 2194; x_wconf 87' lang='lat' dir='ltr'><strong>Regem</strong></span> <span class='ocrx_word' id='word_1_188' title='bbox 1883 2103 2284 2191; x_wconf 84' lang='lat' dir='ltr'><strong>Aethiopum</strong></span> <span class='ocrx_word' id='word_1_189' title='bbox 2337 2101 2424 2171; x_wconf 91' lang='lat' dir='ltr'><strong>ad</strong></span> <span class='ocrx_word' id='word_1_190' title='bbox 2478 2100 2892 2171; x_wconf 88' lang='lat' dir='ltr'><strong>movendum</strong></span> <span class='ocrx_word' id='word_1_191' title='bbox 2958 2124 3155 2171; x_wconf 87' lang='lat' dir='ltr'><strong>arma</strong></span> 
     </span>
     <span class='ocr_line' id='line_1_22' title="bbox 608 2189 3154 2281; baseline -0.001 -19"><span class='ocrx_word' id='word_1_192' title='bbox 608 2218 646 2262; x_wconf 87' lang='lat' dir='ltr'><strong>a</strong></span> <span class='ocrx_word' id='word_1_193' title='bbox 705 2215 941 2263; x_wconf 87' lang='lat' dir='ltr'><strong>versus</strong></span> <span class='ocrx_word' id='word_1_194' title='bbox 975 2194 1382 2262; x_wconf 88' lang='lat' dir='ltr'><strong>Homeritas.</strong></span> <span class='ocrx_word' id='word_1_195' title='bbox 1430 2191 1681 2261; x_wconf 87' lang='lat' dir='ltr'><strong>Eadem</strong></span> <span class='ocrx_word' id='word_1_196' title='bbox 1723 2213 1998 2279; x_wconf 92' lang='lat' dir='ltr'><strong>quoque</strong></span> <span class='ocrx_word' id='word_1_197' title='bbox 2030 2191 2165 2281; x_wconf 91' lang='lat' dir='ltr'><strong>ipsi</strong></span> <span class='ocrx_word' id='word_1_198' title='bbox 2197 2192 2365 2280; x_wconf 87' lang='lat' dir='ltr'><strong>Regi</strong></span> <span class='ocrx_word' id='word_1_199' title='bbox 2417 2189 2822 2279; x_wconf 86' lang='lat' dir='ltr'><strong>Aethiopum</strong></span> <span class='ocrx_word' id='word_1_200' title='bbox 2874 2212 3004 2278; x_wconf 91' lang='lat' dir='ltr'><strong>per</strong></span> <span class='ocrx_word' id='word_1_201' title='bbox 3061 2189 3154 2260; x_wconf 92' lang='lat' dir='ltr'><strong>lit-</strong></span> 
     </span>
     <span class='ocr_line' id='line_1_23' title="bbox 611 2277 3150 2368; baseline -0.001 -17"><span class='ocrx_word' id='word_1_202' title='bbox 611 2296 791 2352; x_wconf 89' lang='lat' dir='ltr'><strong>teras</strong></span> <span class='ocrx_word' id='word_1_203' title='bbox 841 2281 1216 2361; x_wconf 89' lang='lat' dir='ltr'><strong>nunciavit,</strong></span> <span class='ocrx_word' id='word_1_204' title='bbox 1281 2302 1581 2368; x_wconf 89' lang='lat' dir='ltr'><strong>eumque</strong></span> <span class='ocrx_word' id='word_1_205' title='bbox 1638 2281 1895 2361; x_wconf 91' lang='lat' dir='ltr'><strong>docuit,</strong></span> <span class='ocrx_word' id='word_1_206' title='bbox 1959 2278 2545 2368; x_wconf 85' lang='lat' dir='ltr'><strong>quemadmodum</strong></span> <span class='ocrx_word' id='word_1_207' title='bbox 2602 2277 2973 2350; x_wconf 89' lang='lat' dir='ltr'><strong>delevisset</strong></span> <span class='ocrx_word' id='word_1_208' title='bbox 3024 2283 3150 2349; x_wconf 80' lang='lat' dir='ltr'><strong>He-</strong></span> 
     </span>
     <span class='ocr_line' id='line_1_24' title="bbox 611 2368 3152 2458; baseline -0 -20"><span class='ocrx_word' id='word_1_209' title='bbox 611 2373 861 2439; x_wconf 82' lang='lat' dir='ltr'><strong>braeus</strong></span> <span class='ocrx_word' id='word_1_210' title='bbox 908 2391 1148 2439; x_wconf 90' lang='lat' dir='ltr'><strong>omnes</strong></span> <span class='ocrx_word' id='word_1_211' title='bbox 1182 2369 1624 2450; x_wconf 81' lang='lat' dir='ltr'><strong>ChristianoS‚</strong></span> <span class='ocrx_word' id='word_1_212' title='bbox 1668 2369 1786 2455; x_wconf 91' lang='lat' dir='ltr'><strong>qui</strong></span> <span class='ocrx_word' id='word_1_213' title='bbox 1824 2383 2018 2438; x_wconf 85' lang='lat' dir='ltr'><strong>erant</strong></span> <span class='ocrx_word' id='word_1_214' title='bbox 2047 2369 2116 2438; x_wconf 91' lang='lat' dir='ltr'><strong>in</strong></span> <span class='ocrx_word' id='word_1_215' title='bbox 2156 2390 2282 2437; x_wconf 88' lang='lat' dir='ltr'><strong>sua</strong></span> <span class='ocrx_word' id='word_1_216' title='bbox 2320 2380 2685 2458; x_wconf 88' lang='lat' dir='ltr'><strong>potestate:</strong></span> <span class='ocrx_word' id='word_1_217' title='bbox 2723 2379 2789 2435; x_wconf 91' lang='lat' dir='ltr'><strong>et</strong></span> <span class='ocrx_word' id='word_1_218' title='bbox 2822 2368 3152 2453; x_wconf 89' lang='lat' dir='ltr'><strong>quemad·</strong></span> 
     </span>
     <span class='ocr_line' id='line_1_25' title="bbox 614 2454 3155 2550; baseline -0 -22"><span class='ocrx_word' id='word_1_219' title='bbox 614 2458 893 2530; x_wconf 90' lang='lat' dir='ltr'><strong>modum</strong></span> <span class='ocrx_word' id='word_1_220' title='bbox 945 2463 1211 2550; x_wconf 84' lang='lat' dir='ltr'><strong>Nagran</strong></span> <span class='ocrx_word' id='word_1_221' title='bbox 1264 2458 1603 2528; x_wconf 85' lang='lat' dir='ltr'><strong>civitatem</strong></span> <span class='ocrx_word' id='word_1_222' title='bbox 1644 2457 1898 2547; x_wconf 90' lang='lat' dir='ltr'><strong>populo</strong></span> <span class='ocrx_word' id='word_1_223' title='bbox 1938 2456 2592 2545; x_wconf 85' lang='lat' dir='ltr'><strong>frequentissimam,</strong></span> <span class='ocrx_word' id='word_1_224' title='bbox 2639 2454 2918 2526; x_wconf 86' lang='lat' dir='ltr'><strong>fecisset</strong></span> <span class='ocrx_word' id='word_1_225' title='bbox 2956 2457 3155 2527; x_wconf 89' lang='lat' dir='ltr'><strong>inha-</strong></span> 
     </span>
     <span class='ocr_line' id='line_1_26' title="bbox 610 2544 3152 2636; baseline -0.002 -17"><span class='ocrx_word' id='word_1_226' title='bbox 610 2547 989 2627; x_wconf 88' lang='lat' dir='ltr'><strong>bitabilem,</strong></span> <span class='ocrx_word' id='word_1_227' title='bbox 1027 2548 1356 2617; x_wconf 90' lang='lat' dir='ltr'><strong>omnibus</strong></span> <span class='ocrx_word' id='word_1_228' title='bbox 1391 2547 1769 2636; x_wconf 88' lang='lat' dir='ltr'><strong>puberibus</strong></span> <span class='ocrx_word' id='word_1_229' title='bbox 1821 2548 2067 2636; x_wconf 88' lang='lat' dir='ltr'><strong>partim</strong></span> <span class='ocrx_word' id='word_1_230' title='bbox 2118 2547 2399 2633; x_wconf 89' lang='lat' dir='ltr'><strong>quidem</strong></span> <span class='ocrx_word' id='word_1_231' title='bbox 2448 2544 2849 2626; x_wconf 86' lang='lat' dir='ltr'><strong>interfectis,</strong></span> <span class='ocrx_word' id='word_1_232' title='bbox 2895 2549 3152 2634; x_wconf 88' lang='lat' dir='ltr'><strong>partim</strong></span> 
     </span>
     <span class='ocr_line' id='line_1_27' title="bbox 609 2635 3151 2725; baseline -0.001 -20"><span class='ocrx_word' id='word_1_233' title='bbox 609 2650 835 2708; x_wconf 91' lang='lat' dir='ltr'><strong>autem</strong></span> <span class='ocrx_word' id='word_1_234' title='bbox 883 2636 1176 2706; x_wconf 89' lang='lat' dir='ltr'><strong>redactis</strong></span> <span class='ocrx_word' id='word_1_235' title='bbox 1212 2637 1278 2704; x_wconf 90' lang='lat' dir='ltr'><strong>in</strong></span> <span class='ocrx_word' id='word_1_236' title='bbox 1316 2637 1746 2705; x_wconf 88' lang='lat' dir='ltr'><strong>servitutem:</strong></span> <span class='ocrx_word' id='word_1_237' title='bbox 1782 2635 2104 2723; x_wconf 83' lang='lat' dir='ltr'><strong>quodque</strong></span> <span class='ocrx_word' id='word_1_238' title='bbox 2137 2642 2385 2725; x_wconf 83' lang='lat' dir='ltr'><strong>Regem</strong></span> <span class='ocrx_word' id='word_1_239' title='bbox 2422 2636 2625 2704; x_wconf 88' lang='lat' dir='ltr'><strong>etiam</strong></span> <span class='ocrx_word' id='word_1_240' title='bbox 2660 2640 3040 2705; x_wconf 87' lang='lat' dir='ltr'><strong>Persarum</strong></span> <span class='ocrx_word' id='word_1_241' title='bbox 3091 2648 3151 2705; x_wconf 89' lang='lat' dir='ltr'><strong>et</strong></span> 
     </span>
     <span class='ocr_line' id='line_1_28' title="bbox 607 2722 3151 2805; baseline -0.002 -9"><span class='ocrx_word' id='word_1_242' title='bbox 607 2725 1149 2797; x_wconf 80' lang='lat' dir='ltr'><strong>Alamundarum</strong></span> <span class='ocrx_word' id='word_1_243' title='bbox 1181 2725 1362 2795; x_wconf 89' lang='lat' dir='ltr'><strong>idem</strong></span> <span class='ocrx_word' id='word_1_244' title='bbox 1398 2723 1512 2793; x_wconf 91' lang='lat' dir='ltr'><strong>ille</strong></span> <span class='ocrx_word' id='word_1_245' title='bbox 1545 2725 1919 2805; x_wconf 89' lang='lat' dir='ltr'><strong>incitasset,</strong></span> <span class='ocrx_word' id='word_1_246' title='bbox 1956 2738 2033 2794; x_wconf 91' lang='lat' dir='ltr'><strong>ut</strong></span> <span class='ocrx_word' id='word_1_247' title='bbox 2067 2723 2365 2794; x_wconf 82' lang='lat' dir='ltr'><strong>facerent</strong></span> <span class='ocrx_word' id='word_1_248' title='bbox 2403 2722 2678 2792; x_wconf 89' lang='lat' dir='ltr'><strong>similia.</strong></span> <span class='ocrx_word' id='word_1_249' title='bbox 2713 2727 3151 2794; x_wconf 86' lang='lat' dir='ltr'><strong>Postremum</strong></span> 
     </span>
     <span class='ocr_line' id='line_1_29' title="bbox 608 2812 3154 2905; baseline -0.001 -21"><span class='ocrx_word' id='word_1_250' title='bbox 608 2815 882 2905; x_wconf 77' lang='lat' dir='ltr'><strong>adJecit,</strong></span> <span class='ocrx_word' id='word_1_251' title='bbox 924 2814 1095 2895; x_wconf 85' lang='lat' dir='ltr'><strong>fore,</strong></span> <span class='ocrx_word' id='word_1_252' title='bbox 1150 2814 1284 2884; x_wconf 91' lang='lat' dir='ltr'><strong>nisi</strong></span> <span class='ocrx_word' id='word_1_253' title='bbox 1336 2814 1481 2903; x_wconf 89' lang='lat' dir='ltr'><strong>ipse</strong></span> <span class='ocrx_word' id='word_1_254' title='bbox 1519 2827 1914 2904; x_wconf 85' lang='lat' dir='ltr'><strong>exsurgeret</strong></span> <span class='ocrx_word' id='word_1_255' title='bbox 1944 2813 2027 2882; x_wconf 90' lang='lat' dir='ltr'><strong>ad</strong></span> <span class='ocrx_word' id='word_1_256' title='bbox 2066 2812 2424 2891; x_wconf 89' lang='lat' dir='ltr'><strong>ultionem,</strong></span> <span class='ocrx_word' id='word_1_257' title='bbox 2461 2823 2536 2879; x_wconf 92' lang='lat' dir='ltr'><strong>ut</strong></span> <span class='ocrx_word' id='word_1_258' title='bbox 2569 2816 2742 2881; x_wconf 90' lang='lat' dir='ltr'><strong>Deus</strong></span> <span class='ocrx_word' id='word_1_259' title='bbox 2774 2833 2814 2879; x_wconf 93' lang='lat' dir='ltr'><strong>e</strong></span> <span class='ocrx_word' id='word_1_260' title='bbox 2861 2813 3154 2904; x_wconf 83' lang='lat' dir='ltr'><strong>vestigio</strong></span> 
     </span>
     <span class='ocr_line' id='line_1_30' title="bbox 606 2900 3156 2992; baseline -0.001 -20"><span class='ocrx_word' id='word_1_261' title='bbox 606 2905 667 2972; x_wconf 88' lang='lat' dir='ltr'><strong>ei</strong></span> <span class='ocrx_word' id='word_1_262' title='bbox 721 2905 1155 2973; x_wconf 88' lang='lat' dir='ltr'><strong>irasceretur.</strong></span> <span class='ocrx_word' id='word_1_263' title='bbox 1195 2909 1273 2973; x_wconf 89' lang='lat' dir='ltr'><strong>Et</strong></span> <span class='ocrx_word' id='word_1_264' title='bbox 1327 2902 1495 2972; x_wconf 88' lang='lat' dir='ltr'><strong>haec</strong></span> <span class='ocrx_word' id='word_1_265' title='bbox 1528 2901 1807 2989; x_wconf 90' lang='lat' dir='ltr'><strong>quidem</strong></span> <span class='ocrx_word' id='word_1_266' title='bbox 1849 2907 2229 2992; x_wconf 89' lang='lat' dir='ltr'><strong>Imperator</strong></span> <span class='ocrx_word' id='word_1_267' title='bbox 2264 2900 2616 2969; x_wconf 86' lang='lat' dir='ltr'><strong>Justinus.</strong></span> <span class='ocrx_word' id='word_1_268' title='bbox 2670 2904 2829 2989; x_wconf 90' lang='lat' dir='ltr'><strong>Ipse</strong></span> <span class='ocrx_word' id='word_1_269' title='bbox 2873 2923 3156 2989; x_wconf 90' lang='lat' dir='ltr'><strong>quoque</strong></span> 
     </span>
     <span class='ocr_line' id='line_1_31' title="bbox 611 2982 3150 3081; baseline -0.002 -18"><span class='ocrx_word' id='word_1_270' title='bbox 611 2992 1005 3063; x_wconf 89' lang='lat' dir='ltr'><strong>Patriarcha</strong></span> <span class='ocrx_word' id='word_1_271' title='bbox 1051 2991 1555 3061; x_wconf 86' lang='lat' dir='ltr'><strong>Alexandrinus</strong></span> <span class='ocrx_word' id='word_1_272' title='bbox 1604 2982 2047 3081; x_wconf 57' lang='lat' dir='ltr'><strong>posteaquam</strong></span> <span class='ocrx_word' id='word_1_273' title='bbox 2098 3012 2255 3059; x_wconf 90' lang='lat' dir='ltr'><strong>cum</strong></span> <span class='ocrx_word' id='word_1_274' title='bbox 2310 2988 2669 3058; x_wconf 90' lang='lat' dir='ltr'><strong>monachis</strong></span> <span class='ocrx_word' id='word_1_275' title='bbox 2716 2989 3150 3071; x_wconf 64' lang='lat' dir='ltr'><strong>orthodoxis»,</strong></span> 
     </span>
     <span class='ocr_line' id='line_1_32' title="bbox 605 3076 3151 3168; baseline -0.001 -17"><span class='ocrx_word' id='word_1_276' title='bbox 605 3082 729 3168; x_wconf 89' lang='lat' dir='ltr'><strong>qui</strong></span> <span class='ocrx_word' id='word_1_277' title='bbox 775 3094 971 3150; x_wconf 88' lang='lat' dir='ltr'><strong>erant</strong></span> <span class='ocrx_word' id='word_1_278' title='bbox 1017 3082 1085 3150; x_wconf 89' lang='lat' dir='ltr'><strong>in</strong></span> <span class='ocrx_word' id='word_1_279' title='bbox 1143 3080 1354 3150; x_wconf 88' lang='lat' dir='ltr'><strong>Nitria</strong></span> <span class='ocrx_word' id='word_1_280' title='bbox 1397 3094 1461 3149; x_wconf 90' lang='lat' dir='ltr'><strong>et</strong></span> <span class='ocrx_word' id='word_1_281' title='bbox 1498 3081 1564 3148; x_wconf 92' lang='lat' dir='ltr'><strong>in</strong></span> <span class='ocrx_word' id='word_1_282' title='bbox 1604 3085 1817 3160; x_wconf 85' lang='lat' dir='ltr'><strong>Scete,</strong></span> <span class='ocrx_word' id='word_1_283' title='bbox 1858 3078 2109 3150; x_wconf 91' lang='lat' dir='ltr'><strong>multas</strong></span> <span class='ocrx_word' id='word_1_284' title='bbox 2168 3084 2295 3148; x_wconf 90' lang='lat' dir='ltr'><strong>Deo</strong></span> <span class='ocrx_word' id='word_1_285' title='bbox 2331 3077 2511 3146; x_wconf 90' lang='lat' dir='ltr'><strong>fudit</strong></span> <span class='ocrx_word' id='word_1_286' title='bbox 2550 3076 3108 3167; x_wconf 88' lang='lat' dir='ltr'><strong>supplicationes</strong></span> <span class='ocrx_word' id='word_1_287' title='bbox 3134 3134 3151 3157; x_wconf 80' lang='lat'><strong>,</strong></span> 
     </span>
     <span class='ocr_line' id='line_1_33' title="bbox 607 3166 3155 3261; baseline -0.001 -21"><span class='ocrx_word' id='word_1_288' title='bbox 607 3170 776 3261; x_wconf 87' lang='lat' dir='ltr'><strong>Regi</strong></span> <span class='ocrx_word' id='word_1_289' title='bbox 822 3170 927 3239; x_wconf 89' lang='lat' dir='ltr'><strong>illi</strong></span> <span class='ocrx_word' id='word_1_290' title='bbox 986 3192 1066 3240; x_wconf 89' lang='lat' dir='ltr'><strong>ea</strong></span> <span class='ocrx_word' id='word_1_291' title='bbox 1126 3170 1562 3260; x_wconf 87' lang='lat' dir='ltr'><strong>significavit,</strong></span> <span class='ocrx_word' id='word_1_292' title='bbox 1608 3190 1787 3255; x_wconf 89' lang='lat' dir='ltr'><strong>quae</strong></span> <span class='ocrx_word' id='word_1_293' title='bbox 1843 3169 1955 3257; x_wconf 90' lang='lat' dir='ltr'><strong>pio</strong></span> <span class='ocrx_word' id='word_1_294' title='bbox 2006 3167 2416 3238; x_wconf 88' lang='lat' dir='ltr'><strong>videbantur</strong></span> <span class='ocrx_word' id='word_1_295' title='bbox 2451 3166 2755 3237; x_wconf 87' lang='lat' dir='ltr'><strong>Justino.</strong></span> <span class='ocrx_word' id='word_1_296' title='bbox 2797 3172 2947 3237; x_wconf 85' lang='lat' dir='ltr'><strong>Non</strong></span> <span class='ocrx_word' id='word_1_297' title='bbox 2994 3168 3155 3238; x_wconf 87' lang='lat' dir='ltr'><strong>late-</strong></span> 
     </span>
     <span class='ocr_line' id='line_1_34' title="bbox 607 3256 3157 3348; baseline -0 -20"><span class='ocrx_word' id='word_1_298' title='bbox 607 3259 774 3333; x_wconf 82' lang='lat' dir='ltr'><strong>bant</strong></span> <span class='ocrx_word' id='word_1_299' title='bbox 821 3272 1049 3328; x_wconf 90' lang='lat' dir='ltr'><strong>autem</strong></span> <span class='ocrx_word' id='word_1_300' title='bbox 1098 3280 1219 3328; x_wconf 90' lang='lat' dir='ltr'><strong>nec</strong></span> <span class='ocrx_word' id='word_1_301' title='bbox 1254 3258 1449 3348; x_wconf 91' lang='lat' dir='ltr'><strong>prius</strong></span> <span class='ocrx_word' id='word_1_302' title='bbox 1503 3257 1785 3344; x_wconf 91' lang='lat' dir='ltr'><strong>quidem</strong></span> <span class='ocrx_word' id='word_1_303' title='bbox 1846 3256 2248 3346; x_wconf 86' lang='lat' dir='ltr'><strong>Aethiopum</strong></span> <span class='ocrx_word' id='word_1_304' title='bbox 2307 3262 2559 3346; x_wconf 81' lang='lat' dir='ltr'><strong>Regem</strong></span> <span class='ocrx_word' id='word_1_305' title='bbox 2608 3277 2685 3324; x_wconf 92' lang='lat' dir='ltr'><strong>ea</strong></span> <span class='ocrx_word' id='word_1_306' title='bbox 2744 3277 2930 3343; x_wconf 91' lang='lat' dir='ltr'><strong>quae</strong></span> <span class='ocrx_word' id='word_1_307' title='bbox 2979 3257 3157 3327; x_wconf 82' lang='lat' dir='ltr'><strong>sacta</strong></span> 
     </span>
     <span class='ocr_line' id='line_1_35' title="bbox 607 3344 3155 3503; baseline -0 -88"><span class='ocrx_word' id='word_1_308' title='bbox 607 3346 900 3428; x_wconf 81' lang='lat' dir='ltr'><strong>fuerant,</strong></span> <span class='ocrx_word' id='word_1_309' title='bbox 937 3347 1050 3416; x_wconf 89' lang='lat' dir='ltr'><strong>sed</strong></span> <span class='ocrx_word' id='word_1_310' title='bbox 1091 3359 1393 3436; x_wconf 89' lang='lat' dir='ltr'><strong>tempore</strong></span> <span class='ocrx_word' id='word_1_311' title='bbox 1423 3347 1590 3415; x_wconf 89' lang='lat' dir='ltr'><strong>anni</strong></span> <span class='ocrx_word' id='word_1_312' title='bbox 1641 3345 2045 3437; x_wconf 90' lang='lat' dir='ltr'><strong>prohibente</strong></span> <span class='ocrx_word' id='word_1_313' title='bbox 2089 3346 2265 3503; x_wconf 41' lang='lat' dir='ltr'><strong>{erat</strong></span> <span class='ocrx_word' id='word_1_314' title='bbox 2310 3347 2493 3414; x_wconf 91' lang='lat' dir='ltr'><strong>enim</strong></span> <span class='ocrx_word' id='word_1_315' title='bbox 2548 3344 2825 3427; x_wconf 85' lang='lat' dir='ltr'><strong>hiems),</strong></span> <span class='ocrx_word' id='word_1_316' title='bbox 2891 3346 2999 3415; x_wconf 83' lang='lat' dir='ltr'><strong>vel</strong></span> <span class='ocrx_word' id='word_1_317' title='bbox 3053 3347 3155 3414; x_wconf 91' lang='lat' dir='ltr'><strong>in-</strong></span> 
     </span>
     <span class='ocr_line' id='line_1_36' title="bbox 610 3433 3156 3523; baseline 0.001 -21"><span class='ocrx_word' id='word_1_318' title='bbox 610 3437 790 3505; x_wconf 88' lang='lat' dir='ltr'><strong>vitus</strong></span> <span class='ocrx_word' id='word_1_319' title='bbox 837 3436 1118 3523; x_wconf 91' lang='lat' dir='ltr'><strong>quievit.</strong></span> <span class='ocrx_word' id='word_1_320' title='bbox 1162 3440 1400 3523; x_wconf 91' lang='lat' dir='ltr'><strong>Itaque</strong></span> <span class='ocrx_word' id='word_1_321' title='bbox 1438 3456 1599 3504; x_wconf 88' lang='lat' dir='ltr'><strong>cum</strong></span> <span class='ocrx_word' id='word_1_322' title='bbox 1651 3435 1957 3504; x_wconf 88' lang='lat' dir='ltr'><strong>validum</strong></span> <span class='ocrx_word' id='word_1_323' title='bbox 2011 3457 2091 3505; x_wconf 89' lang='lat' dir='ltr'><strong>co</strong></span> <span class='ocrx_word' id='word_1_324' title='bbox 2125 3434 2398 3523; x_wconf 87' lang='lat' dir='ltr'><strong>legisset</strong></span> <span class='ocrx_word' id='word_1_325' title='bbox 2447 3433 2821 3503; x_wconf 86' lang='lat' dir='ltr'><strong>exercitum</strong></span> <span class='ocrx_word' id='word_1_326' title='bbox 2878 3446 3027 3504; x_wconf 89' lang='lat' dir='ltr'><strong>tam</strong></span> <span class='ocrx_word' id='word_1_327' title='bbox 3079 3457 3156 3504; x_wconf 85' lang='lat' dir='ltr'><strong>ex</strong></span> 
     </span>
     <span class='ocr_line' id='line_1_37' title="bbox 605 3521 3152 3612; baseline 0 -18"><span class='ocrx_word' id='word_1_328' title='bbox 605 3525 776 3601; x_wconf 81' lang='lat' dir='ltr'><strong>suis,</strong></span> <span class='ocrx_word' id='word_1_329' title='bbox 815 3546 1024 3612; x_wconf 89' lang='lat' dir='ltr'><strong>quam</strong></span> <span class='ocrx_word' id='word_1_330' title='bbox 1065 3547 1145 3593; x_wconf 83' lang='lat' dir='ltr'><strong>ex</strong></span> <span class='ocrx_word' id='word_1_331' title='bbox 1196 3524 1473 3594; x_wconf 82' lang='lat' dir='ltr'><strong>auxiliis</strong></span> <span class='ocrx_word' id='word_1_332' title='bbox 1513 3546 1736 3612; x_wconf 91' lang='lat' dir='ltr'><strong>usque</strong></span> <span class='ocrx_word' id='word_1_333' title='bbox 1784 3523 1870 3593; x_wconf 91' lang='lat' dir='ltr'><strong>ad</strong></span> <span class='ocrx_word' id='word_1_334' title='bbox 1931 3538 2210 3593; x_wconf 90' lang='lat' dir='ltr'><strong>centum</strong></span> <span class='ocrx_word' id='word_1_335' title='bbox 2251 3537 2316 3591; x_wconf 91' lang='lat' dir='ltr'><strong>et</strong></span> <span class='ocrx_word' id='word_1_336' title='bbox 2366 3522 2608 3612; x_wconf 86' lang='lat' dir='ltr'><strong>viginti</strong></span> <span class='ocrx_word' id='word_1_337' title='bbox 2650 3521 2895 3601; x_wconf 87' lang='lat' dir='ltr'><strong>millia,</strong></span> <span class='ocrx_word' id='word_1_338' title='bbox 2947 3546 3152 3594; x_wconf 81' lang='lat' dir='ltr'><strong>naves</strong></span> 
     </span>
     <span class='ocr_line' id='line_1_38' title="bbox 604 3611 3149 3702; baseline -0.001 -19"><span class='ocrx_word' id='word_1_339' title='bbox 604 3627 832 3683; x_wconf 86' lang='lat' dir='ltr'><strong>autem</strong></span> <span class='ocrx_word' id='word_1_340' title='bbox 886 3614 1164 3683; x_wconf 88' lang='lat' dir='ltr'><strong>Indicas</strong></span> <span class='ocrx_word' id='word_1_341' title='bbox 1226 3613 1662 3702; x_wconf 85' lang='lat' dir='ltr'><strong>septuaginta</strong></span> <span class='ocrx_word' id='word_1_342' title='bbox 1728 3613 1797 3681; x_wconf 90' lang='lat' dir='ltr'><strong>in</strong></span> <span class='ocrx_word' id='word_1_343' title='bbox 1871 3612 2020 3702; x_wconf 91' lang='lat' dir='ltr'><strong>ipsa</strong></span> <span class='ocrx_word' id='word_1_344' title='bbox 2079 3612 2307 3680; x_wconf 89' lang='lat' dir='ltr'><strong>hieme</strong></span> <span class='ocrx_word' id='word_1_345' title='bbox 2363 3611 2911 3692; x_wconf 86' lang='lat' dir='ltr'><strong>construxisset,</strong></span> <span class='ocrx_word' id='word_1_346' title='bbox 2980 3613 3149 3699; x_wconf 91' lang='lat' dir='ltr'><strong>quin</strong></span> 
     </span>
     <span class='ocr_line' id='line_1_39' title="bbox 602 3699 3155 3793; baseline -0.002 -20"><span class='ocrx_word' id='word_1_347' title='bbox 602 3703 807 3774; x_wconf 81' lang='lat' dir='ltr'><strong>etiam</strong></span> <span class='ocrx_word' id='word_1_348' title='bbox 856 3725 938 3771; x_wconf 85' lang='lat' dir='ltr'><strong>ex</strong></span> <span class='ocrx_word' id='word_1_349' title='bbox 986 3702 1527 3793; x_wconf 86' lang='lat' dir='ltr'><strong>negotiatoribus</strong></span> <span class='ocrx_word' id='word_1_350' title='bbox 1574 3703 1798 3770; x_wconf 88' lang='lat' dir='ltr'><strong>Persis</strong></span> <span class='ocrx_word' id='word_1_351' title='bbox 1846 3715 1910 3770; x_wconf 93' lang='lat' dir='ltr'><strong>et</strong></span> <span class='ocrx_word' id='word_1_352' title='bbox 1958 3700 2428 3790; x_wconf 75' lang='lat' dir='ltr'><strong>Aethiopibu3‚</strong></span> <span class='ocrx_word' id='word_1_353' title='bbox 2462 3700 2584 3786; x_wconf 87' lang='lat' dir='ltr'><strong>qui</strong></span> <span class='ocrx_word' id='word_1_354' title='bbox 2619 3699 2787 3769; x_wconf 92' lang='lat' dir='ltr'><strong>illuc</strong></span> <span class='ocrx_word' id='word_1_355' title='bbox 2821 3711 3155 3771; x_wconf 90' lang='lat' dir='ltr'><strong>venerant</strong></span> 
     </span>
     <span class='ocr_line' id='line_1_40' title="bbox 602 3788 3155 3882; baseline -0.001 -22"><span class='ocrx_word' id='word_1_356' title='bbox 602 3804 1028 3862; x_wconf 90' lang='lat' dir='ltr'><strong>mercaturae</strong></span> <span class='ocrx_word' id='word_1_357' title='bbox 1076 3793 1320 3882; x_wconf 68' lang='lat' dir='ltr'><strong>gratia,</strong></span> <span class='ocrx_word' id='word_1_358' title='bbox 1364 3812 1569 3860; x_wconf 87' lang='lat' dir='ltr'><strong>naves</strong></span> <span class='ocrx_word' id='word_1_359' title='bbox 1603 3789 1776 3859; x_wconf 89' lang='lat' dir='ltr'><strong>alias</strong></span> <span class='ocrx_word' id='word_1_360' title='bbox 1830 3789 2218 3879; x_wconf 85' lang='lat' dir='ltr'><strong>collegisset</strong></span> <span class='ocrx_word' id='word_1_361' title='bbox 2266 3788 2351 3858; x_wconf 91' lang='lat' dir='ltr'><strong>ad</strong></span> <span class='ocrx_word' id='word_1_362' title='bbox 2403 3789 2790 3878; x_wconf 88' lang='lat' dir='ltr'><strong>sexaginta:</strong></span> <span class='ocrx_word' id='word_1_363' title='bbox 2846 3809 3155 3878; x_wconf 88' lang='lat' dir='ltr'><strong>cumque</strong></span> 
     </span>
     <span class='ocr_line' id='line_1_41' title="bbox 597 3875 3155 3969; baseline -0.002 -19"><span class='ocrx_word' id='word_1_364' title='bbox 597 3903 738 3962; x_wconf 90' lang='lat' dir='ltr'><strong>eas,</strong></span> <span class='ocrx_word' id='word_1_365' title='bbox 780 3903 959 3969; x_wconf 87' lang='lat' dir='ltr'><strong>quae</strong></span> <span class='ocrx_word' id='word_1_366' title='bbox 997 3903 1074 3950; x_wconf 87' lang='lat' dir='ltr'><strong>ex</strong></span> <span class='ocrx_word' id='word_1_367' title='bbox 1120 3880 1288 3968; x_wconf 89' lang='lat' dir='ltr'><strong>ipsis</strong></span> <span class='ocrx_word' id='word_1_368' title='bbox 1327 3878 1670 3968; x_wconf 89' lang='lat' dir='ltr'><strong>collapsae</strong></span> <span class='ocrx_word' id='word_1_369' title='bbox 1709 3878 2002 3959; x_wconf 83' lang='lat' dir='ltr'><strong>fuerant,</strong></span> <span class='ocrx_word' id='word_1_370' title='bbox 2061 3881 2511 3948; x_wconf 89' lang='lat' dir='ltr'><strong>instaurasset</strong></span> <span class='ocrx_word' id='word_1_371' title='bbox 2543 3900 2624 3947; x_wconf 93' lang='lat' dir='ltr'><strong>ac</strong></span> <span class='ocrx_word' id='word_1_372' title='bbox 2668 3875 3051 3959; x_wconf 81' lang='lat' dir='ltr'><strong>refecisset,</strong></span> <span class='ocrx_word' id='word_1_373' title='bbox 3092 3889 3155 3948; x_wconf 88' lang='lat' dir='ltr'><strong>et</strong></span> 
     </span>
     <span class='ocr_line' id='line_1_42' title="bbox 599 3967 3150 4060; baseline -0.001 -21"><span class='ocrx_word' id='word_1_374' title='bbox 599 3972 833 4039; x_wconf 89' lang='lat' dir='ltr'><strong>omnia</strong></span> <span class='ocrx_word' id='word_1_375' title='bbox 888 3982 1215 4060; x_wconf 87' lang='lat' dir='ltr'><strong>parasset,</strong></span> <span class='ocrx_word' id='word_1_376' title='bbox 1268 3968 1446 4038; x_wconf 88' lang='lat' dir='ltr'><strong>veris</strong></span> <span class='ocrx_word' id='word_1_377' title='bbox 1497 3968 1692 4037; x_wconf 90' lang='lat' dir='ltr'><strong>initio</strong></span> <span class='ocrx_word' id='word_1_378' title='bbox 1744 3968 1953 4037; x_wconf 90' lang='lat' dir='ltr'><strong>movit</strong></span> <span class='ocrx_word' id='word_1_379' title='bbox 1982 3967 2381 4036; x_wconf 89' lang='lat' dir='ltr'><strong>exercitum.</strong></span> <span class='ocrx_word' id='word_1_380' title='bbox 2430 3967 2787 4053; x_wconf 85' lang='lat' dir='ltr'><strong>armisque</strong></span> <span class='ocrx_word' id='word_1_381' title='bbox 2819 3979 2886 4036; x_wconf 91' lang='lat' dir='ltr'><strong>et</strong></span> <span class='ocrx_word' id='word_1_382' title='bbox 2920 3968 3150 4054; x_wconf 81' lang='lat' dir='ltr'><strong>equiS‚</strong></span> 
     </span>
     <span class='ocr_line' id='line_1_43' title="bbox 597 4055 3155 4157; baseline -0.002 -30"><span class='ocrx_word' id='word_1_383' title='bbox 597 4073 666 4127; x_wconf 89' lang='lat' dir='ltr'><strong>et</strong></span> <span class='ocrx_word' id='word_1_384' title='bbox 710 4058 847 4129; x_wconf 89' lang='lat' dir='ltr'><strong>alio</strong></span> <span class='ocrx_word' id='word_1_385' title='bbox 894 4073 1232 4149; x_wconf 89' lang='lat' dir='ltr'><strong>apparatu</strong></span> <span class='ocrx_word' id='word_1_386' title='bbox 1284 4059 1715 4147; x_wconf 88' lang='lat' dir='ltr'><strong>properabat,</strong></span> <span class='ocrx_word' id='word_1_387' title='bbox 1774 4071 1849 4125; x_wconf 90' lang='lat' dir='ltr'><strong>ut</strong></span> <span class='ocrx_word' id='word_1_388' title='bbox 1886 4055 2140 4157; x_wconf 89' lang='lat' dir='ltr'><strong>proelio</strong></span> <span class='ocrx_word' id='word_1_389' title='bbox 2179 4056 2579 4145; x_wconf 87' lang='lat' dir='ltr'><strong>confligeret</strong></span> <span class='ocrx_word' id='word_1_390' title='bbox 2610 4077 2770 4125; x_wconf 90' lang='lat' dir='ltr'><strong>cum</strong></span> <span class='ocrx_word' id='word_1_391' title='bbox 2811 4055 3155 4126; x_wconf 86' lang='lat' dir='ltr'><strong>inimicis.</strong></span> 
     </span>
     <span class='ocr_line' id='line_1_44' title="bbox 602 4143 3158 4236; baseline -0.001 -21"><span class='ocrx_word' id='word_1_392' title='bbox 602 4151 682 4215; x_wconf 86' lang='lat' dir='ltr'><strong>Et</strong></span> <span class='ocrx_word' id='word_1_393' title='bbox 743 4170 862 4236; x_wconf 89' lang='lat' dir='ltr'><strong>per</strong></span> <span class='ocrx_word' id='word_1_394' title='bbox 907 4148 1366 4217; x_wconf 89' lang='lat' dir='ltr'><strong>continentem</strong></span> <span class='ocrx_word' id='word_1_395' title='bbox 1417 4145 1698 4233; x_wconf 90' lang='lat' dir='ltr'><strong>quidem</strong></span> <span class='ocrx_word' id='word_1_396' title='bbox 1750 4146 1837 4215; x_wconf 89' lang='lat' dir='ltr'><strong>ab</strong></span> <span class='ocrx_word' id='word_1_397' title='bbox 1887 4144 2193 4215; x_wconf 87' lang='lat' dir='ltr'><strong>1nferiori</strong></span> <span class='ocrx_word' id='word_1_398' title='bbox 2247 4162 2433 4234; x_wconf 90' lang='lat' dir='ltr'><strong>parte</strong></span> <span class='ocrx_word' id='word_1_399' title='bbox 2495 4143 2911 4233; x_wconf 90' lang='lat' dir='ltr'><strong>Aethiopiae,</strong></span> <span class='ocrx_word' id='word_1_400' title='bbox 2963 4143 3158 4217; x_wconf 89' lang='lat' dir='ltr'><strong>misit</strong></span> 
     </span>
     <span class='ocr_line' id='line_1_45' title="bbox 598 4231 3159 4325; baseline -0.001 -22"><span class='ocrx_word' id='word_1_401' title='bbox 598 4235 1001 4321; x_wconf 86' lang='lat' dir='ltr'><strong>quindecim</strong></span> <span class='ocrx_word' id='word_1_402' title='bbox 1053 4236 1274 4306; x_wconf 88' lang='lat' dir='ltr'><strong>millia</strong></span> <span class='ocrx_word' id='word_1_403' title='bbox 1320 4235 1728 4325; x_wconf 89' lang='lat' dir='ltr'><strong>Aethiopum</strong></span> <span class='ocrx_word' id='word_1_404' title='bbox 1771 4234 1855 4303; x_wconf 88' lang='lat' dir='ltr'><strong>ad</strong></span> <span class='ocrx_word' id='word_1_405' title='bbox 1905 4233 2352 4304; x_wconf 88' lang='lat' dir='ltr'><strong>Homeritidis</strong></span> <span class='ocrx_word' id='word_1_406' title='bbox 2417 4246 2641 4319; x_wconf 87' lang='lat' dir='ltr'><strong>partes</strong></span> <span class='ocrx_word' id='word_1_407' title='bbox 2683 4231 2905 4322; x_wconf 90' lang='lat' dir='ltr'><strong>magis</strong></span> <span class='ocrx_word' id='word_1_408' title='bbox 2956 4234 3159 4303; x_wconf 85' lang='lat' dir='ltr'><strong>Occi-</strong></span> 
     </span>
     <span class='ocr_line' id='line_1_46' title="bbox 603 4320 3171 4415; baseline -0.001 -22"><span class='ocrx_word' id='word_1_409' title='bbox 603 4324 939 4407; x_wconf 88' lang='lat' dir='ltr'><strong>dentales,</strong></span> <span class='ocrx_word' id='word_1_410' title='bbox 984 4339 1062 4396; x_wconf 92' lang='lat' dir='ltr'><strong>ut</strong></span> <span class='ocrx_word' id='word_1_411' title='bbox 1112 4326 1258 4415; x_wconf 89' lang='lat' dir='ltr'><strong>ipse</strong></span> <span class='ocrx_word' id='word_1_412' title='bbox 1304 4323 1583 4412; x_wconf 90' lang='lat' dir='ltr'><strong>quidem</strong></span> <span class='ocrx_word' id='word_1_413' title='bbox 1632 4346 1753 4415; x_wconf 91' lang='lat' dir='ltr'><strong>per</strong></span> <span class='ocrx_word' id='word_1_414' title='bbox 1806 4346 1994 4393; x_wconf 89' lang='lat' dir='ltr'><strong>mare</strong></span> <span class='ocrx_word' id='word_1_415' title='bbox 2042 4345 2200 4392; x_wconf 90' lang='lat' dir='ltr'><strong>cum</strong></span> <span class='ocrx_word' id='word_1_416' title='bbox 2241 4321 2556 4405; x_wconf 89' lang='lat' dir='ltr'><strong>navibus,</strong></span> <span class='ocrx_word' id='word_1_417' title='bbox 2602 4320 2703 4390; x_wconf 89' lang='lat' dir='ltr'><strong>illi</strong></span> <span class='ocrx_word' id='word_1_418' title='bbox 2752 4333 2984 4390; x_wconf 89' lang='lat' dir='ltr'><strong>autem</strong></span> <span class='ocrx_word' id='word_1_419' title='bbox 3043 4343 3171 4414; x_wconf 86' lang='lat' dir='ltr'><strong>per</strong></span> 
     </span>
     <span class='ocr_line' id='line_1_47' title="bbox 603 4413 2452 4496; baseline 0.002 -19"><span class='ocrx_word' id='word_1_420' title='bbox 603 4427 854 4482; x_wconf 85' lang='lat' dir='ltr'><strong>terram</strong></span> <span class='ocrx_word' id='word_1_421' title='bbox 894 4416 1258 4496; x_wconf 79' lang='lat' dir='ltr'><strong>irruenteS,</strong></span> <span class='ocrx_word' id='word_1_422' title='bbox 1313 4414 1542 4484; x_wconf 90' lang='lat' dir='ltr'><strong>hostes</strong></span> <span class='ocrx_word' id='word_1_423' title='bbox 1584 4414 1652 4483; x_wconf 92' lang='lat' dir='ltr'><strong>in</strong></span> <span class='ocrx_word' id='word_1_424' title='bbox 1695 4413 2000 4483; x_wconf 90' lang='lat' dir='ltr'><strong>medium</strong></span> <span class='ocrx_word' id='word_1_425' title='bbox 2039 4415 2452 4482; x_wconf 73' lang='lat' dir='ltr'><strong>coercerent.</strong></span> 
     </span>
    </p>
   </div>
  </div>
 </body>
</html>
