3347 4999
713 339 845 405 408
1356 356 1434 402 nn:
1482 357 1537 402 s,
1590 354 1961 403 nunanano
2008 355 2254 403 nzamr.
2309 355 2408 402 m».
2839 334 3010 400 OCT.
3068 336 3153 401 Η»

626 453 826 511 aucto
876 441 1124 510 talento
1172 439 1259 509 sit
1304 439 1775 522 introductus,
1832 438 2325 509 lassabundum
2378 437 2839 508 nihilominus
2885 436 3151 526 stylum

624 529 710 599 ad
760 530 828 598 id
868 531 1013 619 jam
1081 541 1582 598 convertamus·
1635 530 1855 619 Igitur
1914 528 2259 619 gloriosus
2314 528 2606 597 Antistes
2656 526 2924 595 Domini
2978 532 3156 595 Bur-

624 618 946 699 charduS‚
1001 629 1359 708 postquam
1411 618 1478 685 in
1544 617 1740 686 vinea
1791 618 2056 686 Domini
2107 616 2383 702 pondus
2430 615 2564 684 diei
2613 627 2677 684 et
2725 629 2955 684 aestus
3001 614 3156 684 lon-

624 706 884 810 ganimi
922 706 1270 797 patienti&
1324 704 1459 775 fide
1506 705 1732 785 firma,
1789 727 1909 795 spe
1955 708 2182 785 certa,
2227 704 2556 774 charitate
2602 702 3146 785 ferventissima,

616 816 762 884 Jam
804 818 845 864 a
876 813 1077 864 mane
1123 794 1409 884 puerilis
1457 794 1694 864 aetatis
1745 815 1962 881 usque
2007 793 2089 863 ad
2144 814 2493 895 vesperam
2542 813 2711 882 pene
2757 791 3155 880 decrepitae

625 884 992 954 senectutis
1025 885 1336 973 portavit,
1392 896 1466 952 ut
1512 882 1597 952 de
1646 884 1840 952 beato
1873 883 2157 952 Martino
2204 882 2494 963 dicitur,
2548 881 2776 950 carnis
2824 879 3154 952 fatiscens

623 973 933 1053 artubuS,
982 993 1102 1042 nec
1137 972 1369 1041 minus
1403 972 1631 1061 vigore
1670 971 1925 1052 valenS,
1962 992 2101 1058 quo
2134 971 2591 1061 propinquius
2622 967 3150 1039 dissolutionem

626 1062 735 1132 sui
773 1062 1078 1151 corporis
1125 1061 1485 1129 imminere
1528 1059 1982 1149 praevidebat,
2022 1081 2102 1129 eo
2141 1059 2362 1149 magis
2389 1059 2517 1129 sibi
2568 1058 2961 1128 commissis
3001 1057 3155 1127 ovi-

625 1149 761 1219 bus
822 1149 1140 1240 luporum
1195 1148 1625 1218 incursiones
1673 1148 2118 1228 formidabat,
2182 1148 2568 1236 frequenter
2624 1145 2796 1217 illud
2846 1146 3152 1233 Apostoli

627 1237 1038 1327 proloquens
1112 1237 1196 1306 ad
1246 1237 1623 1327 discipulos
1698 1259 1899 1306 suos:
1954 1260 1989 1303 «
2037 1239 2240 1328 Cupio
2294 1238 2607 1319 dissolvi,
2672 1247 2734 1305 et
2792 1257 2930 1303 esse
2997 1256 3153 1303 cam

630 1328 886 1397 Christo
929 1327 1211 1417 (Philip.
1262 1327 1340 1416 1);
1394 1325 1611 1395 multo
1657 1326 1833 1395 enim
1886 1326 2133 1396 melius
2172 1340 2308 1395 est:
2354 1326 2422 1393 in
2472 1345 2676 1393 carne
2714 1337 2942 1393 autem
3001 1343 3152 1391 ma-

625 1436 808 1495 nere,
854 1416 1314 1484 necessarium
1366 1427 1641 1506 propter
1688 1436 1826 1483 vos.
1868 1438 1904 1481 »
1953 1414 2250 1483 Tandem
2307 1435 2463 1483 cum
2517 1413 2907 1482 senioribus
2944 1421 3153 1497 atque

624 1504 1064 1593 magnatibus
1116 1503 1452 1573 Ecclesiae
1482 1524 1645 1575 suae
1695 1503 1848 1573 iniit
1875 1503 2268 1583 consilium,
2304 1514 2643 1589 quatenus
2688 1522 2811 1590 per
2847 1522 2943 1580 se,
2974 1498 3149 1567 dum

621 1592 849 1661 adhuc
889 1593 1161 1673 viveret,
1205 1593 1263 1660 si
1295 1592 1445 1661 fieri
1470 1603 1718 1681 posset,
1772 1612 2235 1662 successorem
2273 1591 2405 1661 sibi
2448 1590 2849 1680 provideret,
2896 1587 3148 1657 Christi

620 1680 803 1769 plebi
838 1681 1004 1753 satis
1049 1681 1399 1751 idoneum.
1438 1687 1585 1750 Mox
1620 1701 1886 1750 moeror
1922 1692 1987 1749 et
2024 1680 2276 1760 luctuS,
2324 1680 2408 1749 de
2456 1680 2711 1759 vicina,
2763 1677 2966 1764 quasi
2998 1677 3147 1765 jam

618 1770 958 1860 praesenti
997 1770 1210 1859 patris
1255 1771 1564 1851 orbitate,
1596 1770 1803 1838 corda
1851 1768 2057 1840 simul
2093 1780 2158 1839 et
2193 1790 2312 1837 ora
2359 1780 2794 1847 cunctorum,
2831 1779 2908 1835 ut
2945 1763 3150 1833 facile

616 1857 940 1938 creditur,
979 1858 1310 1947 implevit.
1350 1864 1502 1948 lpse
1533 1879 1691 1927 vero
1731 1858 1884 1926 licet
1931 1858 2085 1926 illos
2134 1879 2171 1926 a
2217 1857 2380 1927 fletu
2429 1865 2910 1945 compesceret,
2966 1853 3150 1922 nihi-

616 1945 921 2016 lominus
960 1958 1183 2015 tamen
1218 1947 1603 2035 compassio
1634 1946 2318 2015 mutuae-dilectionis
2349 1946 2477 2014 hoc
2512 1946 2713 2014 habet
2745 1943 3135 2044 proprium,

618 2046 698 2104 ut
745 2035 814 2104 in
866 2035 1267 2105 hu'usmodi
1316 2035 1585 2125 negotio
1624 2033 1827 2104 faciat
1872 2046 2244 2121 utrumque
2276 2055 2523 2105 suum:
2578 2032 2864 2102 consilio
2911 2043 3144 2100 tamen

619 2134 685 2193 et
730 2057 1056 2194 consulltu
1102 2123 1405 2204 illorum,
1466 2124 1651 2193 misit
1697 2123 2040 2211 quendam
2074 2121 2481 2192 Lintfridum
2518 2123 2842 2192 Comitem
2892 2118 2978 2188 ad
3008 2123 3146 2187 Im-

619 2224 998 2300 peratorem
1061 2215 1371 2282 Carolum
1405 2268 1420 2293 ‚
1474 2233 1888 2298 rursumque
1935 2211 2108 2282 alios
2168 2210 2253 2281 de
2298 2210 2478 2280 clero
2534 2232 2659 2280 suo
2720 2209 2805 2279 ad
2866 2207 3146 2277 Lullum

618 2300 1239 2389 Metropolitanum,
1303 2316 1436 2370 tam
1490 2301 1714 2372 verbis
1773 2322 1982 2387 quam
2057 2300 2296 2370 litteris
2344 2299 2407 2367 id
2460 2310 2776 2400 agentes,
2828 2318 2967 2385 quo
3016 2300 3148 2363 Me-

615 2388 1017 2545 gingaudus
1057 2410 1179 2477 per
1224 2390 1454 2458 omnia
1492 2389 1590 2458 vir
1640 2388 2035 2468 laudabilis,
2097 2388 2470 2479 aegrotanti
2516 2409 2655 2475 Jam
2690 2388 2978 2477 jamque
3024 2383 3147 2453 de-

664 2476 874 2545 cienti
933 2477 1233 2566 praesuli
1282 2477 1698 2559 Burchardo,
1738 2478 1805 2546 in
1851 2477 2174 2547 cathedra
2223 2477 2768 2568 wirceburgensi
2805 2473 3141 2563 subroga-

618 2576 770 2633 tur:
811 2587 897 2634 ne
942 2567 1133 2648 forte,
1187 2568 1550 2638 decedente
1599 2580 1889 2658 pastore,
1933 2566 2242 2636 novellus
2269 2566 2515 2635 Christi
2562 2588 2724 2656 grex
2753 2587 2833 2635 ex
2880 2566 3145 2651 impro-

616 2654 763 2723 viso
811 2655 1147 2744 rugientis
1180 2656 1395 2725 leonis
1429 2657 1821 2726 incursione
1854 2657 2083 2724 acrius
2124 2655 2648 2725 disturbaretur.

702 2745 934 2828 §²2
995 2745 1355 2834 Legatione
1410 2758 1703 2834 peracta,
1759 2745 1948 2813 missi
2020 2743 2327 2822 redeunt,
2383 2744 2659 2830 utrique
2718 2763 3137 2813 consensum

614 2830 980 2902 referentes
1021 2846 1154 2902 tam
1189 2839 1450 2921 Regum
1485 2845 1550 2901 et
1589 2829 2007 2922 principum,
2049 2854 2259 2918 quam
2299 2831 2801 2920 Archiepiscopi
2838 2822 3142 2900 caciero-

614 2939 909 3007 rumque
942 2921 1458 3012 Episcoporum.
1492 2926 1566 2990 In
1603 2942 1896 3008 quorum
1935 2923 2341 3009 praesentia,
2380 2932 2746 2988 convocato
2773 2918 2858 2987 ad
2894 2919 3144 2990 urbem

614 3008 1014 3100 wirceburg
1053 3010 1371 3080 universo
1407 3009 1595 3078 Glero
1631 3022 1696 3078 et
1724 3031 1808 3098 po
1862 3009 2000 3092 u10‚
2039 3008 2280 3079 beatus
2320 3008 2759 3077 Burchardus
2808 3008 2879 3075 in
2918 3008 3146 3078 medio

615 3097 901 3185 posituS,
945 3111 1144 3188 prout
1181 3099 1488 3188 corporis
1539 3097 1810 3167 imbecil
1847 3098 1974 3169 itas
2032 3097 2363 3189 permisit,
2401 3096 2797 3166 hu‘usmodi
2836 3096 3145 3166 circum-

616 3195 872 3255 stantes
919 3187 1166 3255 affatur
1208 3187 1549 3273 alloquio:
1594 3208 1629 3252 «
1675 3187 2019 3255 Carissimi
2078 3186 2317 3255 fratres
2360 3197 2424 3254 et
2532 3184 2643 3265 lii,
2682 3183 2914 3254 audite
2954 3206 3147 3256 nunc

614 3283 680 3340 et
711 3273 1070 3363 intelligite
1103 3276 1555 3344 novissimum
1619 3275 1835 3365 patris
1868 3275 2071 3345 vestri
2105 3295 2515 3354 sermonem,
2581 3272 3146 3360 intellectumque

611 3363 833 3430 tenaci
865 3362 1175 3431 cordium
1219 3376 1593 3434 vestrorum
1634 3362 2109 3433 commendate
2140 3363 2467 3451 decrepiti
2507 3361 2718 3450 patris
2758 3362 2964 3432 vestri
3003 3361 3142 3431 cla*-

614 3469 898 3517 morem.
964 3452 1302 3539 Scriptum
1360 3467 1495 3522 est:
1560 3455 1799 3523 Omnia
1845 3474 2302 3543 quaecumque
2361 3452 2574 3519 voluit
2620 3453 2938 3519 Dominus
3015 3453 3148 3519 ecit

612 3535 826 3624 (Psal.
861 3538 1041 3628 ⁴34);
1072 3551 1137 3609 et
1167 3562 1438 3613 rursum
1462 3566 1485 3609 .-
1519 3545 1567 3609 Α
1597 3543 1919 3632 proyem'e
1948 3542 2018 3610 in
2044 3541 2393 3631 progenies
2423 3541 2583 3628 fecit
2615 3540 2958 3608 misericor
3006 3541 3148 3609 iam

613 3628 931 3725 Dominus
956 3627 1141 3719 (Luc.
1176 3629 1251 3785 13.
1292 3629 1510 3699 Voluit
1546 3631 1876 3698 Dominus
1925 3651 2046 3719 per
2087 3629 2401 3718 gratiam,
2441 3640 2505 3697 et
2551 3625 2709 3696 fecit
2748 3648 2870 3727 per
2904 3638 3148 3716 poten·-

614 3724 805 3798 tiam,
840 3731 917 3787 ut
959 3718 1046 3786 ab
1078 3717 1189 3786 ido
1219 3738 1416 3786 orum
1453 3715 1748 3797 cultura,
1783 3739 1920 3803 qua
1960 3729 2185 3806 patres
2215 3717 2415 3786 vestri
2453 3715 2723 3785 fuerant
2751 3716 3018 3797 irretiti,
3063 3715 3149 3784 ti-

611 3801 1049 3885 beraremini,
1094 3819 1157 3874 et
1196 3806 1263 3874 in
1301 3804 1680 3874 libertatem
1717 3805 2018 3874 filiorum
2072 3806 2187 3875 Dei
2234 3826 2354 3894 per
2408 3804 2613 3874 fidem
2651 3805 2922 3886 Christi,
2961 3805 3146 3874 sicut

612 3891 683 3960 in
731 3895 1269 3982 praesentiarum
1326 3915 1605 3963 cernere
1656 3906 1792 3975 est,
1844 3894 2462 3964 connumeremini.
2527 3894 2705 3963 Fecit
2741 3915 2899 3962 vero
2938 3893 3068 3961 hoc
3103 3914 3147 3962 a

612 3982 937 4079 progenie
971 3983 1037 4051 in
1080 4004 1204 4072 pro
1295 3983 1463 4065 nieS,
1508 3983 1733 4073 primo
1769 4003 1887 4070 per
1926 3983 2198 4052 beatum
2237 3983 2609 4063 Rhianum,
2645 4004 2685 4052 a
2720 3983 2943 4051 Scotia
2997 3981 3144 4050 huc

609 4090 678 4168 ln
717 4070 1095 4168 Dranciam,
1128 4070 1211 4140 de
1266 4070 1379 4139 inc
1407 4092 1527 4160 per
1554 4070 1960 4160 magistrum
1987 4082 2295 4141 nostrum
2327 4070 2747 4140 Bonifacium
2781 4070 2869 4139 ab
2899 4068 3148 4159 Anglia

611 4156 1065 4228 nihilominus
1094 4160 1179 4229 ad
1210 4181 1350 4240 vos,
1387 4159 1468 4229 ad
1502 4180 1779 4229 omnem
1814 4160 2274 4229 Germaniam.
2314 4164 2734 4229 Postremum
2779 4170 3138 4244 tamquam

609 4244 992 4316 abortivum
1028 4247 1112 4317 ad
1145 4260 1436 4318 vestram
1474 4271 1583 4318 me
1610 4248 1977 4317 destinavit
1999 4248 2450 4329 audientiam,
2484 4267 2916 4334 nequaquam
2949 4245 3149 4315 dedi-

608 4346 859 4423 gnatus
909 4356 1029 4424 per
1088 4336 1435 4406 tantillum
1505 4358 1776 4405 servum
1846 4357 2053 4406 suum
2104 4336 2296 4407 vobis
2355 4336 2672 4406 intimare
2720 4336 3143 4405 voluntatem

610 4443 830 4492 suam.
872 4429 962 4492 Ex
1011 4435 1173 4493 tunc
1219 4445 1441 4511 usque
1475 4445 1682 4512 nunc,
1722 4435 1799 4495 ut
1834 4425 2076 4508 nostiS,
2111 4447 2249 4497 non
2279 4425 2686 4517 subterfugi,
2732 4446 2869 4512 quo
2906 4423 3150 4493 minus
