3347 4999
748 335 876 398 708
1282 351 1355 396 oz
1402 351 1493 396 ss.
1546 350 1959 397 cuarsfflmo
2006 350 2082 397 ιιι·
2129 351 2322 398 nanta
2372 352 2562 398 nar.
2893 335 3074 400 oeT.
3122 337 3197 400 25

663 435 1208 525 penetrantibu5‚
1263 448 1653 525 angeretur.
1704 434 2069 503 Confestim
2123 435 2337 526 igitur
2374 437 2648 504 vinctus
2702 437 2794 507 ita
2847 437 3198 526 premeba-

663 538 796 606 tur,
842 537 920 593 ut
971 545 1332 594 nervorum
1401 535 1816 592 tormentum
1873 522 2121 593 oculus
2170 522 2399 592 videre
2463 545 2598 592 non
2655 539 2909 614 posset.
2963 526 3199 597 Milites

658 615 843 683 enim
896 635 1139 683 nervos
1208 612 1382 681 miro
1450 611 1781 694 artificio,
1837 612 2166 698 novisque
2223 611 2614 684 rationibus
2676 615 3194 685 connectebant.

660 708 906 772 Verum
956 723 1115 771 cum
1167 701 1613 771 vincientium
1661 722 1910 771 manus
1941 700 2387 787 quievissent.
2440 700 2624 771 dicto
2669 702 2880 772 citius
2928 702 3198 773 vincula

659 805 823 862 sunt
867 789 1226 861 dissoluta.
1278 795 1711 879 Quapropter
1762 789 2013 859 milites
2063 788 2439 880 indignati,
2509 812 2668 860 eum
2737 792 2805 860 in
2857 813 3195 861 carcerem

656 881 1143 969 conjecerunt,
1198 891 1263 948 et
1315 879 1396 947 tri
1451 877 1569 946 lici
1616 877 1949 967 compede
2012 878 2396 948 strinxere:
2465 901 2643 966 quae
2704 879 2994 967 quidem
3046 904 3195 950 cum

661 969 791 1071 ipsi
839 969 1212 1048 adstarent,
1265 980 1330 1036 et
1378 901 1771 1047 issuderent,
1813 968 1882 1036 in
1919 965 2270 1056 pulverem
2333 967 2606 1037 redacta
2652 981 2776 1037 est.
2832 973 3030 1039 Tunc
3072 970 3197 1038 mi-

659 1057 810 1128 lites
856 1057 1204 1127 sublatum
1236 1056 1398 1125 lotio
1428 1057 2001 1146 conspergebant,
2038 1055 2380 1126 dicentes:
2426 1088 2448 1114 ·
2486 1055 2818 1126 Maleficia
2868 1070 2990 1127 tua
3018 1079 3198 1128 nunc

660 1147 781 1216 tibi
832 1167 967 1216 non
1013 1157 1370 1235 prosunt.»
1413 1144 1537 1214 Sed
1589 1144 1866 1213 foetoris
1895 1145 2063 1225 loco,
2116 1143 2351 1215 odoris
2400 1145 2756 1215 suavitatis
2813 1159 2921 1216 est
2973 1169 3197 1217 conse·

655 1248 836 1314 cuta,
892 1257 1024 1304 non
1077 1234 1296 1313 aliter,
1339 1255 1547 1321 quam
1593 1233 1651 1304 si
1702 1254 1937 1303 roseus
1973 1233 2199 1319 liquor
2236 1233 2536 1304 diffusus
2584 1246 2785 1304 esset.

743 1327 780 1412 ἓ
826 1326 958 1396 ss.
990 1323 1213 1392 Vitulo
1245 1323 1457 1412 igitur
1495 1322 1837 1391 excoriato
1868 1377 1883 1402 ,
1938 1323 2167 1411 ipsum
2219 1322 2288 1390 in
2338 1322 2492 1423 ojus
2541 1320 2718 1412 pelle
2773 1322 3054 1393 nudum
3100 1325 3201 1393 in-

654 1412 1034 1491 cluserunt,
1086 1425 1151 1481 et
1184 1412 1253 1481 in
1290 1411 1431 1481 sole
1464 1410 1916 1481 collocarunt.
1958 1416 2201 1480 Verum
2237 1424 2420 1481 cutis
2450 1409 2603 1496 ejus
2638 1410 2812 1480 nibil
2847 1426 2956 1482 est
2992 1413 3195 1493 laesa,

659 1522 782 1570 nec
830 1501 1051 1571 ullum
1097 1501 1197 1568 vir
1247 1501 1359 1569 Dei
1409 1500 1621 1570 sensit
1656 1499 2203 1580 incommodum,
2257 1500 2578 1586 quamvis
2627 1513 2843 1570 totum
2897 1500 3088 1570 diem
3136 1504 3199 1570 in

657 1589 1035 1659 vehementi
1104 1588 1352 1670 calore,
1421 1588 1829 1675 ardentique
1896 1588 2039 1658 sole
2093 1589 2603 1678 permansisset.
2672 1590 2949 1659 Catenis
3000 1591 3205 1680 igitur

654 1679 957 1748 vinctum
1014 1680 1312 1749 obscuro
1363 1679 1428 1746 in
1482 1678 1629 1747 loco
1688 1676 2203 1747 concluserunt.
2277 1675 2404 1746 Sed
2470 1677 2657 1746 illico
2711 1676 2973 1748 fractae
3052 1693 3207 1749 sunt

651 1780 955 1847 catenae;
1008 1780 1071 1836 et
1107 1782 1456 1854 tamquam
1510 1766 1867 1857 lampades
1913 1786 2244 1835 accensae
2293 1765 2534 1847 forent,
2589 1764 2685 1835 ibi
2736 1767 3082 1858 splendor
3128 1767 3205 1838 il·

659 1856 851 1926 luxit.
896 1855 1352 1938 Quamobrem
1405 1854 1688 1924 Claudio
1723 1853 2024 1924 Tribuno
2070 1866 2324 1924 cuncta
2372 1855 2813 1925 nunciarunt.
2861 1857 3005 1938 Qui
3052 1879 3200 1925 cum

654 1945 740 2014 ad
777 1966 1119 2014 carcerem
1144 1944 1568 2024 accessisset,
1599 1956 1664 2012 et
1703 1943 2140 2033 splendorem
2182 1942 2590 2033 adspiceret,
2618 1944 2856 2034 jussit.
2899 1958 2982 2014 ut
3002 1946 3206 2035 Chry·

656 2033 951 2103 santhus
998 2033 1181 2103 foras
1213 2033 1295 2103 ad
1351 2055 1424 2103 se
1473 2033 1749 2102 veniret.
1791 2037 1891 2101 Et:
1925 2054 1960 2098 «
1996 2036 2374 2115 Quaenam,
2432 2033 2677 2119 inquit,
2713 2045 2818 2102 est
2848 2033 2960 2103 vis
3012 2056 3204 2123 prae·

654 2123 1044 2212 stigiarum‚
1097 2123 1353 2209 quibus
1401 2122 1568 2191 haec
1615 2120 1888 2190 efficis?
1920 2124 2172 2190 Omnes
2217 2142 2344 2210 ego
2393 2142 2654 2211 magos,
2707 2121 3205 2193 incantatores-

659 2233 795 2299 que
824 2209 1107 2280 domui:
1148 2233 1271 2280 nec
1319 2210 1533 2280 ullam
1589 2223 1849 2279 tantam
1890 2209 2157 2294 magiae
2210 2209 2581 2299 potentiam
2636 2210 2889 2279 inveni.
2950 2215 3201 2281 Omnes

656 2322 697 2369 a
745 2321 855 2368 me
904 2299 1058 2368 victi
1110 2314 1296 2380 sunt;
1325 2300 1554 2370 omnis
1583 2320 1822 2368 eorum
1861 2297 2117 2367 malitia
2167 2319 2357 2368 meae
2402 2299 2609 2370 cessit
2643 2300 3017 2370 voluntati.
3058 2305 3202 2371 Cae-

658 2400 878 2457 terum
921 2409 1081 2456 cum
1125 2399 1189 2456 te
1235 2386 1502 2456 videam
1541 2388 1763 2457 virum
1816 2385 2246 2476 praeclarum
2289 2400 2354 2457 et
2386 2388 2791 2478 sapientem,
2832 2409 2978 2457 non
3018 2389 3201 2460 aliud

653 2477 779 2547 abs
832 2489 891 2546 te
932 2477 1227 2564 requiro,
1276 2476 1411 2546 nisi
1443 2489 1519 2547 ut
1568 2475 1794 2548 audax
1841 2476 2119 2548 deseras
2167 2475 2709 2549 Christianorum
2768 2477 3198 2559 institutum,

651 2587 790 2654 quo
840 2566 1181 2636 tumultus
1235 2579 1439 2653 atque
1486 2565 1730 2636 seditio
1780 2567 1847 2635 in
1901 2566 2158 2656 populo
2216 2572 2522 2636 Romano
2575 2567 2943 2648 excitatur,
3014 2582 3206 2656 teque

649 2675 895 2746 genere
956 2668 1071 2725 tuo
1109 2655 1399 2745 dignum
1453 2657 1804 2744 praebeaS,
1857 2670 1922 2725 et
1968 2655 2560 2744 omnipotentibus
2620 2655 2756 2725 diis
2805 2655 3056 2726 debita
3114 2657 3206 2725 fa·

647 2746 793 2814 cias
838 2743 1498 2814 sacrificia.»—«Si
1535 2745 1605 2813 in
1656 2758 1742 2825 te,
1776 2744 2001 2831 inquit
2048 2744 2546 2833 Chrysanthus,
2590 2744 2842 2814 inesset
2885 2746 3204 2815 scintilla

650 2831 1079 2921 prudentiae,
1133 2832 1332 2903 facile
1381 2832 1818 2925 intelligeres,
1865 2854 1975 2901 me
2019 2854 2152 2903 non
2194 2833 2464 2923 magica
2497 2845 2664 2915 arte,
2726 2832 2845 2902 sed
2897 2835 3019 2904 Dei
3075 2836 3204 2903 vir·

646 2933 811 3002 tute,
853 2920 1192 3013 adjuvari.
1247 2928 1489 2992 Verum
1527 2932 1602 2993 tu
1647 2944 1754 2992 me
1794 2923 1886 2992 ita
1917 2921 2040 2992 ads
2097 2922 2242 3003 icis,
2288 2921 2883 3010 quemadmodum
2938 2936 3010 2992 et
3041 2922 3202 2993 deos

648 3026 824 3092 tuos,
862 3033 1037 3098 quos
1084 3012 1320 3099 inique
1357 3010 1548 3080 colis.
1588 3016 1754 3082 Nam
1805 3012 1863 3081 si
1911 3012 2094 3080 ocui
2138 3011 2239 3081 tui
2288 3024 2467 3081 recte
2514 3024 2902 3090 cernerent,
2948 3033 3200 3103 cogno-

647 3121 871 3169 sceres
909 3100 1073 3170 deos
1108 3115 1260 3171 tuos
1302 3099 1576 3169 videndi
1621 3101 1757 3170 vim
1825 3123 1960 3169 non
2015 3101 2286 3169 habere.
2349 3105 2424 3169 Et
2464 3100 2522 3168 si
2574 3100 2931 3170 veritatem
2998 3121 3200 3170 aures

647 3187 973 3259 audirent
1007 3201 1185 3271 tuae,
1229 3188 1432 3279 plane
1463 3188 2071 3264 animadverteres,
2108 3211 2225 3258 eos
2273 3211 2505 3259 vocem
2547 3188 3010 3258 clamantium
3069 3210 3196 3258 non

648 3275 912 3347 audire.
968 3278 1034 3346 Si
1088 3279 1154 3346 in
1208 3278 1445 3347 animo
1493 3291 1608 3347 tuo
1649 3299 1896 3347 sensus
1944 3277 2198 3364 aliquis
2237 3290 2415 3346 esset
2467 3277 2993 3368 intelligentiae,
3053 3299 3198 3368 per-

649 3365 948 3454 spiceres
977 3388 1094 3435 eos
1145 3366 1315 3435 nihil
1369 3368 1557 3436 intus
1617 3366 1867 3435 habere
1893 3420 1908 3446 ,
1959 3382 2225 3455 praeter
2258 3366 2605 3456 pulverem
2635 3380 2699 3436 et
2733 3365 3190 3456 plumbum.»

646 3459 837 3523 Tunc
878 3454 1207 3525 Claudius
1245 3455 1593 3524 Tribunus
1631 3477 1791 3525 eum
1830 3454 2004 3545 palis
2037 3454 2422 3546 alligatum,
2477 3455 2689 3545 virgis
2734 3454 2930 3524 caedi
2957 3455 3189 3547 jussit.

646 3542 901 3613 Allatae
929 3544 1144 3635 igitur
1181 3556 1343 3614 sunt
1372 3544 1622 3634 virgae,
1659 3566 1838 3632 quae
1877 3543 2156 3631 quidem
2202 3544 2270 3612 in
2310 3544 2636 3614 manibus
2670 3542 2977 3613 militum
3004 3553 3193 3613 erant

646 3632 1026 3702 admodum
1079 3633 1318 3714 durae,
1375 3634 1489 3703 sed
1543 3634 1671 3702 viri
1706 3634 1924 3703 sancti
1960 3632 2231 3722 corpori
2270 3632 2610 3713 admotae,
2655 3633 2877 3703 instar
2918 3631 3191 3723 papyri,

648 3721 890 3792 molles
938 3721 1155 3791 factae
1204 3734 1389 3792 sunt.
1442 3721 1632 3804 Quod
1685 3720 1965 3810 quidem
2018 3721 2573 3791 animadvertens
2606 3721 2985 3804 TribunuS,
3033 3742 3201 3790 eum

645 3810 819 3880 solvi
867 3824 1071 3897 atque
1117 3812 1314 3900 erigi,
1355 3810 1915 3898 vestimentisque
1983 3810 2178 3879 indui
2228 3811 2612 3900 imperavit.
2668 3815 2744 3879 Et
2802 3810 2890 3879 ad
2947 3808 3201 3878 milites

645 3921 1057 3969 conversus:
1114 3904 1340 3990 «Ego,
1393 3900 1644 3986 inquit,
1685 3912 1761 3970 ut
1808 3900 2022 3980 scitis,
2063 3920 2302 3968 omnes
2354 3920 2711 3989 magorum
2763 3911 2830 3967 et
2885 3899 3202 3968 incanta·-

646 4000 869 4057 torum
931 3987 1210 4058 fraudes
1265 3988 1725 4078 deprehendi:
1795 3989 1908 4058 hic
1970 4001 2197 4057 autem
2254 3986 2525 4056 riu-llum
2590 4008 2740 4056 esse
2803 3988 3203 4058 humanum

646 4075 1065 4146 maleficium
1104 4078 1476 4166 comperio,
1515 4077 1633 4147 sed
1666 4077 1943 4146 divinae
1983 4076 2252 4146 virtutis
2297 4077 2692 4166 potentiam.
2739 4081 2909 4146 Nam
2942 4090 3008 4147 et
3037 4098 3210 4145 ner-

643 4185 886 4233 vorum
939 4165 1213 4236 vincula
1247 4180 1488 4268 sponte
1535 4165 1874 4235 dissoluta
1907 4178 2092 4246 sunt,
2136 4178 2200 4234 et
2238 4165 2607 4255 compedes
2645 4164 3083 4247 confractae,
3143 4176 3210 4234 et

645 4252 814 4321 corii
849 4252 1229 4325 humiditas
1286 4277 1353 4324 tn
1406 4254 1570 4325 solis
1632 4254 1876 4324 ardore
1927 4276 2049 4343 per
2095 4266 2310 4322 totum
2361 4254 2540 4323 diem
2596 4275 2730 4323 non
2780 4255 3100 4334 exaruit;
3147 4266 3212 4323 et

644 4340 839 4411 locus
876 4345 1173 4413 carceris
1221 4344 1785 4427 obscurissimus,
1828 4343 1982 4413 luce
2025 4343 2410 4413 illustratus
2455 4357 2581 4423 est;
2620 4355 2687 4413 et
2721 4343 2978 4433 virgae,
3025 4363 3222 4431 quae

644 4428 717 4498 in
774 4430 1074 4501 militum
1122 4433 1447 4503 manibus
1478 4446 1675 4504 erant
1722 4432 2386 4524 asperrimae,—inter
2419 4431 2953 4515 verberandum,
2995 4432 3222 4504 veluti
