3347 4999
758 340 883 406 724
1379 355 1457 401 mi
1504 356 1596 401 ss.
1642 351 1997 401 ROGATIANO
2044 354 2118 402 ιτ
2166 354 2298 403 soc.
2352 355 2465 401 n.
2866 336 3013 403 OCT.
3051 339 3116 404 26

671 466 836 514 sexu
883 461 1010 510 suo
1047 438 1378 519 fortiores,
1432 461 1566 508 non
1604 438 1826 509 solum
1872 439 2059 539 ipsae
2107 439 2192 508 ad
2241 459 2563 509 coronam
2613 439 2933 529 proximae
2970 455 3114 518 sunt,

672 531 787 602 sed
849 542 914 598 et
983 528 1267 598 caeteris
1336 548 1610 615 quoque
1680 527 1954 598 feminis
2030 527 2418 617 exemplum
2484 527 2570 596 de
2628 551 2748 599 sua
2806 533 3120 599 constantia

676 621 1159 710 praebuerunt.
1220 622 1307 686 Ac
1357 638 1441 685 ne
1486 616 1650 703 quid
1713 615 1975 685 deesset
2030 616 2114 686 ad
2160 616 2446 706 gloriam
2515 619 2778 687 numeri
2832 620 3025 699 vestri,
3067 633 3123 689 ut

670 709 897 781 omnis
929 707 1277 776 vobiscum
1313 717 1379 774 et
1418 727 1641 784 sexuS,
1698 718 1763 774 et
1808 718 1992 775 aetas
2024 721 2201 776 esset
2250 706 2315 773 in
2372 704 2650 787 bonore,
2695 729 2923 797 pueros
2962 708 3120 777 etiam

675 797 865 868 vobis
911 795 1208 886 gloriosa
1239 793 1665 865 confessione
1707 795 1986 864 sociavit
2032 794 2261 863 divina
2297 793 2643 883 dignatio:
2684 811 3126 886 repraesentans

674 881 873 957 nobis
914 885 1042 954 tale
1072 882 1359 970 aliquid,
1403 882 1607 970 quale
1635 883 1956 963 AnaniaS,
1995 884 2261 953 Azarias
2293 896 2359 951 et
2406 884 2634 953 Misael
2667 884 2949 954 illustres
2976 886 3123 974 pueri

668 972 1045 1063 aliquando
1079 972 1384 1042 fecerunt
1414 994 1428 1038 ε
1458 972 1715 1059 quibus
1748 971 2037 1041 inclusis
2072 973 2139 1041 in
2180 972 2534 1041 caminum
2574 987 2912 1043 cesserunt
2950 974 3119 1064 ignes,

671 1077 738 1133 et
769 1063 1101 1153 refrigerii
1143 1060 1368 1131 locum
1399 1061 1719 1129 flammae.
1747 1060 2106 1142 dederunt,
2143 1075 2496 1151 praesente
2519 1082 2681 1131 cum
2724 1062 2855 1132 illis
2901 1067 3125 1132 Domino

669 1166 738 1222 et
795 1151 1143 1243 probante,
1203 1149 1383 1237 quod
1445 1149 1510 1218 in
1563 1148 1984 1218 confessores
2038 1164 2103 1219 et
2152 1164 2483 1238 martyres
2544 1150 2695 1238 ejus
2744 1151 2902 1220 nibil
2957 1164 3128 1242 posset

720 1241 1024 1310 ehennae
1069 1238 1272 1308 ardor
1318 1238 1632 1327 operari:
1665 1238 1781 1307 sed
1830 1237 2010 1324 quod
2048 1238 2163 1324 qui
2219 1239 2284 1306 in
2329 1242 2532 1307 Deum
2585 1240 2944 1318 crederent,
2984 1241 3128 1308 ineo·

702 1352 896 1400 umes
943 1349 1212 1416 semper
1256 1340 1319 1396 et
1352 1327 1477 1397 tuti
1527 1327 1595 1395 in
1651 1327 1978 1396 omnibus
2034 1341 2559 1416 perseverarent.
2604 1332 2681 1397 Et
2746 1328 3127 1399 consideretis

667 1418 1097 1509 diligentiu5‚
1139 1429 1310 1505 peto,
1358 1438 1481 1505 pro
1513 1428 1733 1484 vestra
1791 1415 2140 1504 religione,
2195 1437 2372 1502 quae
2409 1416 2591 1505 apud
2637 1416 2791 1486 illos
2823 1439 3040 1508 pueros
3075 1415 3125 1484 fi-

671 1507 794 1577 des
827 1506 1052 1584 suerit,
1114 1526 1290 1591 quae
1343 1505 1715 1596 promereri
1777 1505 2139 1574 Dominum
2195 1505 2467 1594 plenius
2516 1506 2776 1594 potuit:
2825 1506 2905 1575 ad
2949 1505 3129 1574 omnia

671 1596 855 1665 enim
912 1594 1151 1684 parati,
1195 1594 1375 1663 sicut
1420 1615 1660 1662 omnes
1707 1614 1853 1663 esse
1919 1592 2272 1672 debemus,
2325 1595 2520 1662 a'unt
2585 1595 2792 1684 Regi:
2847 1595 3131 1663 Nabucho-

671 1687 950 1755 donosor
981 1688 1148 1763 Rem,
1185 1705 1315 1751 non
1345 1705 1510 1773 opus
1553 1692 1648 1750 est
1694 1682 1899 1762 nobis,
1954 1683 2034 1752 de
2082 1683 2201 1752 hoc
2232 1705 2347 1751 ver
2389 1706 2426 1751 o
2461 1685 2852 1772 respondere
2900 1684 3033 1752 tibi:
3066 1690 3132 1750 etl

668 1777 850 1843 enim
883 1777 1076 1853 Deus,
1127 1773 1241 1840 cui
1268 1794 1383 1840 nos
1412 1773 1759 1848 servimus,
1808 1781 2038 1861 potens
2085 1774 2339 1860 eripere
2384 1794 2501 1840 nos
2550 1773 2629 1840 de
2675 1774 2926 1841 camino
2967 1772 3129 1861 iqui-5,

673 1873 737 1931 et
759 1862 1070 1932 'manibus
1109 1861 1264 1940 tuis,
1308 1865 1478 1938 Rem,
1520 1860 1825 1928 liberabit
1870 1883 2016 1938 ηοω
2054 1870 2116 1928 et
2153 1863 2393 1940 sinon,
2455 1871 2685 1929 notum
2726 1862 2846 1930 tibi
2872 1862 2973 1940 sit,
3017 1880 3134 1949 quo-

674 1954 859 2019 niam
904 1951 1034 2018 diis
1082 1951 1216 2018 tais
1253 1971 1380 2016 non
1403 1950 1751 2026 servimm,
1794 1959 1857 2018 et
1887 1950 2251 2037 imaqinem
2276 1971 2579 2030 auream,
2622 1973 2827 2040 quam
2870 1948 3130 2022 statuisti,

672 2064 804 2109 non
835 2039 1196 2108 adoramus
1224 2038 1429 2126 (Dan.
1469 2037 1595 2124 ιιι).

765 2131 800 2214 ξ
845 2134 932 2199 5.
986 2131 1150 2195 Cum
1203 2148 1273 2194 se
1310 2125 1687 2208 crederent,
1738 2137 1802 2196 et
1838 2137 1959 2213 pro
2007 2124 2140 2193 fide
2178 2147 2302 2194 sua
2352 2125 2603 2196 scirent
2642 2148 2843 2216 posse
2869 2127 3046 2195 etiam
3077 2122 3135 2191 de

679 2216 1014 2305 praesenti
1060 2214 1403 2303 supplicio
1438 2213 1738 2297 liberari,
1785 2214 2039 2302 jactare
2092 2214 2219 2282 hoc
2270 2228 2494 2283 tamen
2544 2228 2610 2284 et
2659 2215 3001 2285 vendicare
3041 2211 3132 2281 sibi

679 2304 1071 2381 noluerunt,
1116 2303 1443 2383 dicentes,
1474 2307 1550 2371 Et
1597 2307 1652 2373 si
1708 2325 1883 2372 non:
1927 2323 2008 2370 ne
2042 2303 2266 2371 minor
2293 2316 2468 2371 esset
2499 2302 2944 2374 confessionis
2972 2303 3136 2370 virtus

673 2392 830 2462 sine
874 2391 1261 2461 testimonio
1323 2391 1703 2480 passionis:
1758 2391 2214 2470 Addiderunt,
2318 2413 2470 2461 osse
2531 2393 2766 2462 omnia
2820 2399 3009 2462 Deum
3071 2388 3134 2456 fa·

669 2503 851 2560 cere,
892 2479 1006 2550 sed
1059 2492 1282 2549 tamen
1337 2503 1473 2549 non
1523 2481 1590 2549 in
1631 2482 1757 2551 hoc
1808 2480 2037 2560 fidere,
2091 2493 2166 2549 ut
2216 2479 2259 2547 li
2314 2481 2488 2551 erari
2531 2481 2597 2550 in
2690 2481 3006 2553 raesentia
3039 2475 3138 2546 vel-

678 2569 839 2650 lent,
896 2568 1010 2638 sed
1074 2568 1262 2638 illam
1308 2569 1638 2641 libertatis
1686 2584 1751 2639 et
1798 2569 2181 2640 securitatis
2237 2584 2548 2639 aeternae
2595 2574 2882 2661 goriam
2941 2569 3138 2659 cogita·

677 2671 848 2728 rent.
901 2661 1118 2740 Quam
1154 2657 1360 2727 fidem
1405 2680 1526 2728 nos
1558 2681 1831 2746 quoque
1864 2657 2267 2738 retinentes,
2322 2671 2386 2727 et
2432 2659 2544 2728 die
2597 2682 2680 2729 ac
2739 2673 2929 2731 nocte
2978 2655 3141 2727 medi·

677 2760 930 2827 tentes,
988 2759 1125 2816 toto
1183 2747 1386 2816 corde
1446 2747 1531 2816 ad
1616 2753 1824 2817 Deum
1896 2747 2239 2836 prompti,
2291 2760 2690 2839 contemptu
2734 2747 3136 2841 praesentium

673 2835 907 2905 sutura
934 2835 1407 2905 tantummodo
1432 2836 1835 2926 cogitemus,
1874 2835 2171 2906 fructum
2205 2835 2396 2925 regni
2445 2839 2728 2921 aeterni,
2767 2836 3137 2927 complexum

673 2936 740 2993 et
784 2924 1098 2994 osculum
1150 2924 1443 3003 Domini,
1497 2936 1936 3015 conspectum
1974 2921 2133 2993 Dei:
2191 2936 2266 2993 ut
2312 2928 2699 3013 sequamini
2752 2928 2820 2995 in
2876 2924 3140 2993 omnibus

673 3013 1125 3103 Rogatianum
1192 3014 1685 3102 presbyterum.
1746 3013 2121 3102 gloriosum
2171 3035 2428 3095 senem,
2485 3016 2659 3084 viam
2698 3015 2889 3085 vobis
2932 3012 3006 3081 ad
3036 3009 3141 3102 glo-

677 3102 848 3171 riam
899 3101 1226 3190 temporis
1261 3102 1469 3170 nostri
1519 3102 1838 3191 religiosa
1877 3102 2121 3169 virtute
2153 3115 2218 3170 et
2250 3102 2480 3174 divina
2512 3103 2910 3193 dignatione
2938 3101 3143 3169 facien·

675 3203 835 3268 tem,
887 3188 1007 3276 qui
1053 3211 1211 3258 cum
1253 3190 1670 3260 Felicissimo
1705 3189 1909 3259 fratre
1958 3201 2210 3271 nostro,
2250 3194 2477 3278 quieto
2529 3214 2805 3283 semper
2849 3204 2912 3261 et
2938 3186 3137 3261 sobrio,

675 3278 1025 3366 excipiens
1075 3277 1459 3348 ferocientis
1509 3279 1742 3369 populi
1794 3279 2152 3367 impetum,
2223 3281 2520 3368 primum
2572 3279 2944 3372 hospitium
2999 3274 3141 3345 vobis

674 3367 745 3436 in
794 3386 1065 3434 carcere
1143 3368 1588 3456 praeparavit,
1641 3379 1707 3435 et
1756 3380 2040 3437 metator
2090 3367 2389 3455 quodam
2443 3368 2645 3437 modo
2687 3383 2939 3449 vester,
3000 3381 3141 3462 nune

668 3476 948 3542 quoque
982 3475 1097 3524 vos
1130 3456 1487 3525 antecedit.
1536 3455 1726 3538 Quod
1791 3468 1867 3525 ut
1912 3469 2434 3526 consummetur
2480 3456 2548 3526 in
2614 3458 2834 3539 vobis,
2900 3453 3143 3526 assiduis

667 3542 1099 3613 orationibus
1140 3545 1503 3614 Dominum
1544 3546 2019 3634 deprecamur,
2060 3558 2132 3613 ut
2189 3544 2404 3614 initiis
2450 3544 2535 3614 ad
2577 3568 2857 3616 summa
2909 3559 3141 3636 pergen·

676 3632 885 3711 tibus,
919 3652 1092 3718 quos
1124 3633 1429 3702 confiteri
1467 3635 1644 3713 fecit,
1685 3632 1888 3702 faciat
1932 3647 1998 3703 et
2028 3635 2365 3704 coronari.
2417 3637 2587 3725 Opto
2637 3657 2783 3716 vos,
2819 3636 3035 3706 iratres
3060 3648 3140 3698 ca·

672 3721 931 3790 tissimi
971 3742 1050 3789 ac
1085 3720 1485 3799 beatissimi,
1539 3722 1607 3790 in
1645 3722 1932 3791 Domino
1979 3743 2252 3813 semper
2300 3724 2470 3793 bene
2517 3723 2767 3805 valere,
2812 3738 2878 3794 et
2937 3720 3010 3792 ad
3051 3736 3137 3786 co-

672 3831 914 3880 ronam
951 3807 1261 3879 coelestis
1309 3810 1565 3902 gloriae
1615 3811 1993 3900 pervenire.
