3347 4999
235 333 409 400 OCT.
465 335 504 397 6
746 351 824 398 ΒΕ
874 353 930 398 s.
983 352 1277 399 samsom-2
1325 352 1831 400 cauruuslmoa.
1888 349 2285 400 ramunculi
2571 336 2697 399 9213

238 437 531 507 necdum
586 435 929 505 videbant.
986 441 1223 523 Itaque
1261 438 1684 527 percontanti
1719 437 1804 505 de
1839 437 1947 506 his
1979 437 2360 515 Lauduino,
2407 438 2551 506 viro
2592 437 2788 506 docto

234 539 299 596 et
350 526 483 615 pic,
531 537 811 594 sanctus
862 530 1090 594 Bruno
1142 526 1532 615 respondit:
1587 524 2168 614 «Spectaculum,
2223 526 2405 611 quod
2454 526 2779 606 vidimuS‚

235 613 459 703 quoad
497 635 622 683 nos
653 613 914 684 salubri
966 635 1272 683 moerore
1320 614 1541 683 affecit
1572 670 1587 696 ,
1640 613 1820 701 quod
1874 613 2309 681 conturbavit
2349 627 2412 682 et
2460 616 2790 685 exterruit

236 727 385 780 nos,
438 714 502 771 et
554 724 811 792 poenae
860 702 1319 791 sempiternae
1369 703 1737 772 formidine
1785 702 2073 770 adduxit
2122 701 2206 769 ad
2263 704 2776 791 poenitentiam,

237 793 303 861 id
339 790 588 862 efficiat
622 793 690 860 in
736 791 955 871 nobiS,
996 805 1068 860 ut
1111 791 1450 861 mundum
1489 792 1676 860 bunc
1731 805 1863 861 toto
1915 802 2181 880 pectore
2222 804 2775 872 contemnamu8‚

235 894 300 951 et
331 881 556 968 quoad
595 881 745 965 eius
782 880 929 949 sieri
972 893 1213 970 potest,
1242 894 1427 950 extra
1477 881 1676 950 illum
1729 880 2200 968 aufugiamus,
2260 884 2627 949 Succurrat
2673 902 2790 949 no-

233 971 388 1050 bis,
445 968 611 1056 quid
654 969 739 1038 de
773 991 845 1040 se
877 968 1043 1038 olim
1085 968 1330 1039 dixerit
1379 984 1661 1040 sanctus
1711 969 1945 1049 David,
1994 968 2439 1038 contristatus
2490 969 2557 1036 in
2599 990 2788 1037 exer-

234 1059 555 1129 citatione
604 1080 779 1139 sua,
841 1071 905 1126 et
960 1060 1412 1128 conturbatus
1460 1082 1499 1127 a
1549 1080 1709 1128 voce
1772 1057 2087 1137 inimici,
2142 1070 2207 1126 et
2253 1078 2293 1125 a
2344 1056 2789 1127 tribulatione

285 1146 655 1226 eccatoris;
708 1145 988 1233 quando
1054 1169 1174 1216 cor
1231 1148 1379 1234 ejus
1427 1148 1606 1216 intra
1658 1147 1889 1237 ipsum
1954 1145 2439 1215 conturbatum
2492 1145 2671 1226 fuit,
2725 1158 2789 1215 et
2885 1223 2892 1230 a

152 1277 157 1280 -
234 1172 531 1306 ibrmido
581 1237 821 1305 mortis
860 1235 1104 1304 cecidit
1154 1259 1362 1325 super
1397 1257 1584 1317 eum,
1638 1237 1843 1305 timor
1874 1255 2148 1322 quoque
2196 1249 2261 1303 et
2295 1247 2549 1303 tremor
2591 1257 2788 1304 vene-

236 1339 399 1395 runt
445 1346 656 1413 super
694 1346 850 1393 eum
878 1378 892 1402 ,
954 1336 1017 1393 et
1056 1336 1503 1395 contexerunt
1549 1346 1705 1395 eum
1761 1325 2100 1403 tenebrae,
2146 1345 2322 1409 quae
2371 1323 2605 1391 omnia
2641 1377 2655 1405 ,
2714 1337 2790 1393 ut

236 1415 477 1494 nostiS,
534 1435 658 1482 nos
703 1434 979 1499 quoque
1025 1414 1277 1502 experti
1332 1436 1599 1484 sumus
1655 1415 1816 1496 Quis
1865 1414 2050 1481 dabit
2088 1414 2282 1493 mihi,
2339 1412 2587 1498 inquit,
2622 1435 2789 1502 pen-

233 1527 380 1584 nas,
433 1505 607 1572 sieut
654 1503 1019 1582 columbae,
1075 1513 1136 1571 et
1184 1505 1467 1582 volabo(
1495 1513 1559 1572 et
1606 1503 2074 1593 requiescam?
2124 1507 2283 1570 Eece
2331 1504 2788 1657 elorzqavz'lu-

234 1594 446 1683 qienS,
506 1603 567 1660 ec
614 1593 840 1660 mansi
884 1593 955 1659 in
1001 1593 1382 1661 solitudine.
1423 1597 1682 1682 Fugere
1725 1613 1849 1662 nos
1884 1590 2207 1659 admonet
2255 1590 2620 1659 hominum
2688 1612 2788 1658 re-

235 1681 585 1768 quentiam
639 1692 703 1749 et
754 1680 1085 1769 peccandi
1132 1681 1552 1761 occasioneS‚
1605 1693 1668 1748 et
1718 1680 1963 1770 degere
2012 1680 2080 1747 in
2134 1678 2506 1748 solitudine
2542 1733 2557 1759 ,
2611 1700 2788 1765 quae

239 1770 433 1839 locus
495 1780 597 1838 est
662 1791 701 1836 o
760 1779 1097 1857 portunus
1162 1769 1468 1858 agendae
1527 1768 2032 1859 poenitentiae,
2091 1768 2419 1837 virtutum
2473 1767 2782 1848 doctrix,

236 1858 495 1946 gloriae
546 1878 696 1925 reve
728 1857 922 1925 atrix.
963 1862 1123 1925 Eam
1166 1880 1329 1948 ergo
1367 1881 1488 1927 nos
1539 1879 1664 1948 par
1710 1871 1810 1926 est
1858 1856 2368 1926 studiosissime
2410 1856 2782 1941 inquirere,

238 1948 307 2014 in
358 1968 437 2013 ea
485 1943 1013 2034 diligentissime
1076 1947 1535 2023 commorari,
1588 1960 1654 2015 et
1709 1968 1927 2032 usque
1992 1946 2075 2014 ad
2149 1967 2552 2035 supremum
2616 1945 2790 2014 vitae

236 2034 416 2102 diem
449 2087 464 2114 ,
517 2049 704 2102 extra
750 2055 898 2108 eam
951 2033 1192 2124 pedem
1246 2058 1382 2106 non
1432 2036 1693 2105 efferre.
1750 2035 2099 2104 Habemus
2148 2034 2462 2123 exempla
2513 2033 2580 2102 in
2637 2034 2788 2124 ipso

241 2120 627 2202 Salvatore,
683 2144 886 2209 quem
937 2135 1201 2193 constat
1250 2146 1452 2214 saepe
1499 2125 1764 2194 deserta
1814 2124 2174 2213 expetiisse
2213 2123 2383 2202 loca,
2426 2135 2501 2192 ut
2543 2143 2666 2191 nos
2701 2123 2784 2192 ad

237 2210 494 2282 similia
538 2224 953 2300 provocaret.
1007 2218 1308 2282 Joannes
1356 2214 1696 2303 Baptista,
1759 2234 1896 2299 quo
1938 2212 2115 2281 inter
2165 2225 2359 2281 natos
2411 2211 2784 2281 mulierum

237 2321 440 2368 nemo
489 2300 782 2368 surrexit
832 2302 1066 2388 major,
1124 2302 1191 2371 in
1243 2302 1530 2373 desertis
1579 2301 1708 2371 suit
1755 2323 1974 2388 usque
2025 2301 2107 2369 ad
2146 2300 2326 2369 diem
2372 2301 2787 2370 ostensionis

238 2409 427 2457 suae.
483 2393 787 2478 Longum
841 2388 937 2470 fit,
991 2404 1292 2460 caeteros
1333 2412 1876 2461 commemorare
1927 2389 2243 2460 homines
2279 2390 2779 2470 sanctissimoS,

236 2477 358 2564 qui
407 2499 478 2546 se
526 2478 594 2555 in
647 2478 925 2549 intimas
965 2479 1374 2551 solitudines
1422 2480 1865 2560 abdiderunt,
1925 2479 2096 2549 nihil
2147 2501 2306 2549 cum
2361 2479 2488 2547 hoc
2524 2478 2787 2549 mundo

236 2566 682 2637 fallacissimo
712 2570 1104 2638 commercii
1148 2570 1399 2639 habere
1435 2571 1754 2640 volentes.
1803 2593 1838 2635 »

328 2664 364 2736 ἓ
413 2658 489 2726 2.
546 2661 730 2725 Inter
780 2657 945 2726 haec
997 2658 1527 2728 inflammantur
1583 2681 1820 2728 eorum
1875 2658 2140 2738 animi,
2197 2669 2262 2726 et
2328 2656 2573 2725 ardent
2623 2655 2806 2727 soli-,⁴

235 2744 447 2813 tariae
495 2746 669 2814 vitae
716 2744 1104 2815 desiderio:
1161 2747 1274 2815 sed
1329 2769 1486 2816 cum
1540 2749 1878 2817 incertum
1933 2747 2285 2827 haberent,
2323 2767 2525 2832 quem
2573 2746 2787 2834 potis-

234 2836 490 2902 simum
545 2833 771 2903 locum
823 2847 1236 2926 expeterent,
1291 2849 1571 2907 sanctus
1621 2843 1850 2906 Bruno
1897 2835 2194 2922 aliquem
2250 2836 2470 2904 virum
2524 2833 2784 2902 bonum

231 2934 297 2991 et
331 2921 600 2991 fidelem
646 2923 1138 3009 inquirendum
1190 2925 1380 3005 dicit,
1433 2927 1552 3012 qui
1584 2926 1686 2995 eis
1717 2925 1943 2995 locum
1987 2936 2455 3014 opportunum
2501 2922 2781 2992 indicet.

232 3015 401 3078 Tum
457 3010 779 3100 Stephani
830 3012 969 3080 duo
1005 3015 1402 3104 Burgiensis
1440 3027 1505 3083 et
1544 3015 1833 3093 Diensis,
1872 3036 1908 3079 «
1938 3019 2079 3083 Non
2140 3011 2387 3101 longe,
2450 3012 2692 3101 ajunt,
2747 3033 2788 3080 a

232 3098 562 3180 Valentia,
622 3101 735 3169 cui
786 3114 1097 3170 nostrum
1151 3103 1372 3173 sancti
1429 3104 1586 3172 Rufi
1635 3104 1958 3171 adhaeret
2009 3101 2500 3169 monasterium
2536 3155 2550 3182 ,
2617 3099 2786 3168 urbs

234 3199 339 3256 est
387 3188 915 3279 GratianopoliS,
967 3201 1034 3258 et
1083 3190 1150 3259 in
1197 3213 1275 3260 ea
1325 3192 1567 3262 beatus
1615 3196 1815 3281 Hugo
1851 3190 1885 3223 ²*
1933 3189 2354 3346 EpiscopuS,
2399 3209 2607 3275 quem
2660 3211 2786 3259 nos

235 3297 439 3376 saepe
487 3276 790 3347 vidimus
837 3291 902 3347 et
949 3278 1122 3349 bene
1170 3281 1522 3371 cognitum
1576 3279 1940 3350 habemus.
1994 3284 2106 3347 Est
2154 3278 2270 3347 ile
2332 3278 2436 3346 vir
2494 3278 2786 3348 sanctis-

233 3386 481 3445 simus,
527 3365 759 3454 justus
809 3390 888 3436 ac
919 3380 1169 3450 rectuS,
1209 3382 1273 3439 et
1308 3370 1557 3438 timens
1592 3374 1832 3449 Deum,
1871 3379 2075 3454 atque
2107 3367 2175 3435 in
2219 3367 2412 3436 omni
2451 3367 2783 3435 virtutum

232 3475 482 3543 genere
532 3454 1219 3543 probe1exercitatus.
1276 3463 1350 3526 In
1386 3458 1537 3547 ejus
1585 3456 1879 3525 dioecesi
1929 3468 2090 3525 sunt
2131 3469 2395 3525 montes
2429 3455 2777 3534 altissimi,

230 3555 295 3612 et
330 3544 396 3610 in
435 3543 518 3610 iis
555 3542 821 3613 deserta
870 3544 1017 3614 loca
1069 3568 1189 3636 per
1225 3546 1464 3627 multa,
1503 3546 1590 3615 ab
1629 3545 1819 3615 omni
1863 3544 2224 3614 hominum
2278 3544 2786 3614 consuetudine

229 3644 295 3700 et
330 3630 749 3700 habitatione
788 3647 1123 3723 separata,
1160 3648 1363 3722 atque
1395 3656 1473 3703 ea
1513 3636 1727 3703 causa
1777 3633 2233 3723 poenitentiae
2266 3632 2596 3723 agendae,
2640 3654 2783 3701 ma-

230 3719 416 3788 xime
462 3733 874 3809 opportuna.
930 3727 1006 3792 Et
1065 3747 1224 3793 cum
1294 3735 1574 3793 sanctus
1637 3722 2016 3813 Episcopus
2067 3723 2291 3791 verbis
2338 3735 2402 3791 et
2449 3720 2786 3811 exemplis

229 3829 472 3877 omnes
522 3809 756 3878 invitet
793 3809 877 3879 ad
914 3812 1430 3900 poenitentiam,
1476 3811 1595 3881 ubi
1646 3811 1733 3881 ad
1783 3833 1940 3881 eum
1987 3812 2404 3891 venerimus,
2442 3810 2780 3879 adventus

229 3909 464 3967 noster
509 3898 571 3967 ei
605 3898 734 3967 erit
773 3900 1236 3987 gratissimuS,
1282 3901 1617 3987 facietque
1654 3922 1779 3969 nos
1822 3900 1953 3970 voti
2005 3912 2377 3989 compotes.
2433 3904 2548 3968 Est
2593 3898 2777 3967 enim

232 3986 751 4085 perhumanus,
806 3987 1150 4076 benignus
1208 4001 1273 4058 et
1331 3988 1658 4058 clemens.
1715 3989 2068 4060 Habebitis
2114 4000 2341 4058 autem
2393 4009 2519 4058 nos
2568 3987 2781 4077 hujus

236 4074 501 4144 itineris
550 4075 785 4155 duces,
840 4076 1021 4162 quod
1075 4099 1200 4146 nos
1238 4078 1477 4147 crebro
1510 4078 1767 4148 emensi
1807 4099 2072 4148 sumus.
2117 4100 2153 4142 »

320 4163 355 4248 ἓ
401 4166 482 4234 8.
538 4170 684 4234 Mox
716 4164 918 4234 etiarn
958 4170 1156 4255 Hugo
1190 4166 1551 4244 sacerdos,
1610 4190 1644 4234 «
1680 4166 1948 4247 Audivi,
2005 4165 2251 4252 inquit,
2305 4178 2369 4234 et
2400 4187 2525 4255 ego
2565 4163 2780 4232 multa

232 4247 317 4317 de
369 4252 509 4321 viro
559 4252 712 4333 hoc,
773 4254 1034 4343 quippe
1081 4254 1286 4341 cujus
1332 4255 1509 4324 fama
1557 4256 1701 4345 jam
1748 4255 2005 4341 ubique
2066 4253 2372 4335 redolet3
2426 4254 2781 4338 habeoque

230 4338 889 4426 exploratissimum,
943 4365 1100 4413 eum
1156 4344 1376 4412 virum
1419 4365 1567 4413 esse
1616 4357 1960 4423 sanctum,
2007 4357 2070 4411 et
2125 4344 2519 4412 animarum
2572 4341 2779 4410 saluti

282 4466 308 4490 ⁴·
342 4465 455 4506 Vide
474 4467 574 4508 Sur.
595 4470 698 4510 Vol.
725 4470 799 4516 VI,
820 4480 866 4521 p.
891 4470 983 4518 520.
1003 4470 1022 4521 ξ
1042 4472 1080 4513 6,
