3347 4999
708 315 836 380 692
1238 332 1315 378 aa
1365 332 1421 379 s.
1475 331 1725 379 annm
1770 332 1961 379 nar.
2011 332 2088 378 ετ
2134 329 2335 379 sociis
2382 330 2532 379 mus
2844 314 3021 380 OCT.
3076 316 3158 380 24

616 417 739 502 qui
785 430 890 487 est
948 417 1016 485 in
1088 416 1282 506 ipsa,
1350 416 1735 505 sanguine,
1804 428 1870 485 et
1938 414 2308 486 involvitur
2370 415 2653 492 fasciis,
2706 428 2774 485 et
2819 416 3156 505 paulatim

619 505 873 595 accipit
920 505 1446 585 incrementum,
1502 502 1753 573 deinde
1790 504 1992 574 etiam
2031 503 2314 585 laborat,
2358 516 2424 574 et
2455 504 2620 585 sitit,
2657 517 2724 575 et
2757 504 3035 574 tandem
3089 507 3156 574 in

619 615 895 664 crucem
948 594 1199 683 agitur,
1236 605 1301 662 et
1357 593 1671 675 moritur,
1737 599 1913 662 Deus
1942 613 2090 663 esse
2142 593 2418 671 dicitur,
2467 605 2541 662 ut
2590 592 2761 663 citra
2822 593 3158 664 rationem

617 682 980 753 Abraamio
1013 682 1280 751 videtur
1326 694 1391 751 et
1423 681 1728 753 isaacio?
1775 686 1954 751 Haec
2000 703 2159 751 cum
2213 682 2312 752 sic
2361 682 2780 764 dicerentur,
2817 681 2864 750 ii
2899 683 3027 751 viri
3068 683 3159 772 pii

622 793 757 842 non
807 770 1099 841 ferentes
1128 770 1393 840 diutius
1432 772 1633 840 Deum
1670 769 1852 841 affici
1885 770 2334 853 contumeliA,
2370 770 2607 841 scissis
2641 771 2791 841 suis
2823 771 3157 847 vestibus,

615 882 733 931 eos
780 860 1113 929 vocabant
1147 859 1544 939 haereticoS,
1579 871 1644 928 et
1696 881 1944 951 magno
1991 860 2226 930 animo
2263 881 2379 931 eos
2425 858 2857 949 expellebant
2903 859 2993 929 ab
3041 865 3163 929 Ec-

616 948 826 1019 clesia
858 947 1219 1027 catholica,
1255 948 1635 1018 Nestorium
1671 970 1909 1017 eorum
1956 948 2362 1038 magistrum
2417 947 2869 1030 damnanteS,
2913 961 2993 1017 ut
3039 948 3158 1036 qui

616 1036 787 1108 tales
824 1038 1230 1109 seminasset
1261 1035 1582 1106 zizanias,
1628 1035 2119 1113 Deindeetiam
2158 1035 2382 1108 fusius
2434 1037 3032 1125 persequebantur
3079 1060 3154 1106 ea

615 1148 794 1212 quae
843 1125 1273 1216 pertinebant
1322 1125 1407 1194 ad
1466 1125 1770 1195 divinam
1825 1125 2057 1195 carnis
2092 1138 2450 1216 susceptae
2510 1125 3150 1215 dispensationem:

618 1216 635 1283 i
731 1216 891 1302 ique
934 1213 1313 1286 orthodoxa
1357 1214 1748 1285 divinorum
1803 1213 2275 1304 Apostolorum
2327 1226 2392 1283 et
2455 1227 2730 1304 patrum
2788 1227 3156 1300 sequentes

614 1237 960 1393 figmata,
1003 1308 1211 1373 Deum
1258 1302 1657 1391 perfectum,
1710 1317 1777 1371 et
1835 1303 2183 1372 hominem
2227 1302 2600 1391 perfectum
2642 1302 3155 1373 confitebantur

617 1393 989 1465 Christum.
1036 1392 1102 1461 in
1132 1412 1274 1462 una
1317 1392 1664 1481 hypostasi
1702 1391 1877 1462 duas
1915 1405 2195 1462 naturas
2229 1393 2729 1481 conjungentes
2770 1392 2945 1461 citra
2988 1414 3151 1461 con-

617 1479 982 1551 fusionem.
1029 1485 1241 1568 Atque
1289 1502 1447 1550 cum
1499 1481 1599 1550 sic
1645 1480 1926 1568 quidem
1964 1479 2139 1552 Silas
2172 1504 2210 1550 a
2259 1501 2466 1570 scopo
2498 1480 2887 1562 excidisset,
2927 1480 3154 1549 inani·

617 1571 749 1640 bus
791 1568 903 1659 (ut
931 1569 1217 1658 dicitur)
1259 1569 1579 1639 manibus
1617 1583 1720 1639 est
1763 1591 2097 1647 reversus,
2142 1582 2207 1639 et
2253 1570 2354 1638 sic
2403 1572 2578 1638 vana
2627 1591 2749 1658 spe
2779 1569 2901 1639 ‘est
2961 1566 3153 1638 delu-

619 1681 773 1732 sus:
807 1658 1212 1727 Abraamius
1238 1672 1465 1727 autem
1505 1659 1651 1747 ipsc
1680 1679 1951 1745 quoque
1975 1657 2241 1732 foedere
2273 1657 2442 1727 inito
2469 1680 2629 1727 cum
2659 1656 3148 1738 Alamundaro,

614 1747 1046 1834 salutatoque
1092 1748 1352 1816 Isaacio
1400 1747 1468 1815 in
1520 1747 1861 1816 Persidem
1898 1760 2292 1827 revertente,
2345 1746 2546 1816 rediit
2598 1759 2664 1816 et
2710 1747 2896 1837 ipse,
2951 1760 3155 1834 atque

613 1836 848 1905 omnia
910 1835 1226 1925 exposuit
1267 1836 1550 1905 Justino
1608 1836 2057 1925 Imperatori,
2117 1850 2184 1905 et
2231 1835 2627 1925 praesertim
2686 1856 2863 1922 quae
2895 1857 2940 1904 a
2975 1839 3154 1926 Rege

617 1925 1122 1994 Homeritarum
1160 1923 1335 1994 facta
1373 1936 1439 1993 et
1484 1924 1737 2014 scripta
1785 1938 1948 1993 sunt
1979 1937 2214 1994 contra
2257 1923 2702 1993 Christianos

702 2015 741 2100 ἓ
792 2019 937 2086 ²2.
987 2012 1114 2082 Ille
1152 2025 1377 2082 autem
1430 2013 1580 2081 sine
1628 2034 1821 2083 mora
1868 2013 2145 2099 scripsit
2196 2012 2280 2081 ad
2321 2012 2657 2083 Asterium
2707 2010 3156 2082 Alexandriae

617 2105 1059 2259 Egiscopum.
1097 2114 1174 2172 ut
1222 2102 1535 2171 incitaret
1581 2107 1832 2192 Regem
1889 2102 2291 2190 Aethiopum
2344 2101 2429 2170 ad
2484 2100 2896 2171 movendum
2960 2124 3157 2171 arma

616 2214 652 2258 a
711 2212 947 2260 versus
981 2192 1388 2260 Homeritas.
1437 2190 1688 2260 Eadem
1730 2212 2005 2277 quoque
2038 2190 2173 2280 ipsi
2203 2191 2369 2280 Regi
2424 2189 2826 2281 Aethiopum
2879 2212 3005 2279 per
3061 2190 3156 2260 lit-

617 2291 797 2348 teras
847 2278 1222 2359 nunciavit,
1286 2300 1588 2366 eumque
1646 2279 1902 2360 docuit,
1965 2277 2552 2366 quemadmodum
2609 2278 2976 2348 delevisset
3023 2284 3153 2349 He-

617 2370 866 2436 braeus
914 2389 1155 2436 omnes
1188 2367 1630 2449 ChristianoS,
1676 2368 1793 2453 qui
1831 2382 2025 2437 erant
2056 2369 2123 2436 in
2162 2390 2288 2436 sua
2326 2379 2692 2458 potestate:
2730 2381 2796 2436 et
2827 2369 3156 2453 quemad·

620 2455 900 2526 modum
951 2461 1218 2548 Nagran
1270 2456 1611 2526 civitatem
1650 2455 1904 2545 populo
1944 2455 2598 2544 frequentissimam,
2646 2455 2920 2526 fecisset
2957 2457 3159 2527 inha-

615 2544 996 2623 bitabilem,
1034 2546 1362 2615 omnibus
1397 2545 1776 2634 puberibus
1827 2547 2073 2634 partim
2124 2546 2405 2632 quidem
2456 2544 2854 2626 interfectis,
2898 2549 3155 2635 partim

615 2647 841 2705 autem
889 2634 1184 2704 redactis
1217 2636 1284 2703 in
1321 2635 1753 2704 servitutem:
1787 2634 2111 2722 quodque
2143 2641 2392 2724 Regem
2427 2636 2631 2704 etiam
2666 2640 3037 2705 Persarum
3091 2649 3155 2705 et

613 2722 1155 2793 Alamundarum
1188 2724 1368 2793 idem
1405 2722 1518 2792 ille
1552 2723 1925 2804 incitasset,
1964 2737 2039 2792 ut
2072 2722 2370 2793 facerent
2408 2722 2686 2792 similia.
2719 2728 3155 2793 Postremum

614 2811 887 2903 adjecit,
930 2812 1101 2892 fore,
1155 2812 1290 2882 nisi
1341 2813 1488 2901 ipse
1524 2826 1920 2903 exsurgeret
1950 2812 2033 2881 ad
2071 2812 2430 2890 ultionem,
2467 2824 2541 2880 ut
2575 2817 2748 2881 Deus
2780 2833 2818 2880 e
2868 2813 3158 2904 vestigio

612 2901 672 2970 ei
727 2901 1160 2971 irasceretur.
1201 2906 1279 2970 Et
1333 2900 1500 2970 haec
1532 2900 1811 2987 quidem
1857 2906 2235 2991 Imperator
2270 2900 2621 2969 Justinus.
2676 2904 2832 2990 Ipse
2879 2922 3158 2989 quoque

617 2990 1011 3060 Patriarcha
1057 2988 1561 3059 Alexandrinus
1609 2982 2052 3078 pos'leaquam
2103 3012 2260 3059 cum
2315 2988 2676 3059 monachis
2722 2989 3151 3071 orthodoxiS,

611 3077 734 3164 qui
781 3093 977 3148 erant
1024 3080 1091 3147 in
1149 3078 1359 3148 Nitria
1403 3091 1467 3147 et
1505 3079 1570 3147 in
1610 3084 1822 3160 Scete,
1863 3079 2114 3148 multas
2171 3084 2300 3148 Deo
2337 3077 2517 3146 fudit
2555 3076 3107 3167 supplicationes
3135 3133 3152 3159 ,

613 3167 782 3258 Regi
828 3167 932 3236 illi
991 3189 1071 3237 ea
1131 3167 1568 3259 significavit,
1615 3188 1792 3253 quae
1849 3167 1961 3255 pio
2012 3166 2421 3237 videbantur
2456 3166 2761 3237 Justino.
2802 3172 2946 3236 Non
2993 3168 3155 3238 late·

612 3256 779 3325 bant
826 3270 1054 3325 autem
1102 3277 1224 3326 nec
1260 3256 1455 3346 prius
1509 3256 1791 3342 quidem
1852 3256 2253 3345 Aethiopum
2312 3261 2564 3346 Regem
2613 3277 2691 3326 ea
2749 3278 2930 3343 quae
2978 3256 3157 3326 sacta

612 3343 906 3425 fuerant,
942 3344 1057 3414 sed
1096 3358 1400 3435 tempore
1428 3346 1596 3415 anni
1648 3345 2051 3435 prohibente
2094 3345 2269 3502 {erat
2313 3346 2500 3414 enim
2553 3344 2828 3427 hiems),
2893 3345 2998 3415 vel
3047 3345 3154 3414 in-

614 3434 795 3503 vitus
843 3434 1123 3521 quievit.
1169 3439 1406 3520 Itaque
1443 3456 1602 3503 cum
1655 3433 1961 3503 validum
2017 3456 2095 3504 co
2129 3434 2400 3524 legisset
2451 3433 2825 3503 exercitum
2882 3446 3025 3505 tam
3074 3456 3156 3503 ex

610 3523 780 3600 suiS,
819 3544 1029 3609 quam
1070 3545 1150 3591 ex
1200 3521 1479 3592 auxiliis
1520 3544 1742 3609 usque
1789 3522 1875 3592 ad
1937 3536 2213 3592 centum
2255 3537 2320 3591 et
2369 3521 2611 3612 viginti
2654 3521 2900 3603 millia,
2946 3545 3153 3593 naves

609 3625 837 3680 autem
891 3611 1169 3681 Indicas
1231 3611 1667 3701 septuaginta
1733 3612 1801 3679 in
1878 3611 2027 3699 ipsa
2084 3612 2311 3680 hieme
2367 3611 2913 3693 construxisset,
2979 3611 3152 3699 quin

606 3700 811 3770 etiam
861 3722 942 3769 ex
991 3700 1531 3791 negotiatoribus
1579 3701 1803 3769 Persis
1850 3714 1915 3769 et
1963 3700 2430 3789 AethiopibuS‚
2467 3700 2585 3786 qui
2623 3699 2791 3769 illuc
2824 3712 3157 3770 venerant

606 3802 1033 3859 mercaturae
1081 3790 1324 3880 gratia,
1370 3810 1573 3858 naves
1607 3788 1781 3857 alias
1835 3787 2221 3879 collegisset
2268 3788 2356 3857 ad
2406 3789 2795 3879 sexaginta:
2848 3810 3158 3877 cumque

601 3900 742 3959 eas,
785 3899 963 3965 quae
1002 3900 1080 3947 ex
1123 3878 1293 3967 ipsis
1331 3877 1676 3966 collapsae
1714 3877 2007 3957 fuerant,
2066 3880 2516 3948 instaurasset
2547 3900 2627 3947 ac
2670 3875 3045 3957 refecisset,
3084 3889 3154 3946 et

603 3969 837 4036 omnia
893 3980 1219 4057 parasset,
1272 3967 1452 4037 veris
1501 3966 1697 4035 initio
1749 3967 1957 4036 movit
1986 3967 2385 4036 exercitum.
2434 3967 2790 4053 armisque
2821 3980 2891 4035 et
2923 3967 3152 4054 equiS,

599 4070 670 4124 et
715 4056 851 4126 alio
898 4070 1236 4146 apparatu
1288 4057 1719 4144 properabat,
1779 4069 1854 4124 ut
1890 4054 2144 4155 proelio
2183 4056 2582 4146 confligeret
2613 4078 2772 4125 cum
2814 4055 3159 4126 inimicis.

605 4148 685 4212 Et
746 4167 865 4234 per
910 4145 1372 4215 continentem
1422 4144 1703 4231 quidem
1754 4145 1840 4213 ab
1891 4141 2198 4214 inferiori
2251 4162 2436 4234 parte
2499 4143 2915 4234 Aethiopiae,
2963 4146 3163 4217 misit

601 4232 1005 4318 quindecim
1058 4233 1276 4303 millia
1325 4233 1731 4324 Aethiopum
1774 4232 1860 4303 ad
1909 4232 2355 4302 Homeritidis
2419 4246 2642 4321 partes
2686 4232 2909 4322 magis
2957 4235 3164 4305 Occi-

606 4322 943 4403 dentales,
989 4336 1067 4392 ut
1116 4323 1262 4412 ipse
1308 4321 1587 4409 quidem
1637 4344 1756 4413 per
1809 4344 1997 4392 mare
2046 4343 2203 4392 cum
2244 4320 2557 4404 navibus,
2605 4319 2707 4391 illi
2755 4333 2985 4392 autem
3045 4344 3178 4414 per

606 4425 857 4479 terram
897 4413 1262 4494 irruenteS,
1316 4412 1547 4483 hostes
1587 4413 1656 4481 in
1698 4411 2003 4482 medium
2042 4414 2454 4481 coercerent.
