3347 4999
153 344 319 409 OCT.
372 345 459 409 28
1070 363 1148 408 nr.
1196 361 1246 407 s.
1304 363 1523 408 rmum
1569 359 1760 409 mm.
2466 346 2583 411 73⁴

153 447 438 526 inimici,
475 445 640 514 dum
675 459 793 516 aut
839 458 1228 517 commenta
1276 446 1586 516 fallaciae
1634 445 1948 534 nequiter
1992 446 2355 529 fabricant,
2405 460 2527 519 aut
2576 469 2684 518 ve-

151 535 414 605 ritatem
465 534 735 605 silentio
787 535 950 605 mali
1003 535 1234 605 nitatis
1265 535 1638 605 occultant.

232 627 270 712 ξ
314 627 391 695 2.
443 629 575 694 Nos
626 636 853 695 autem
885 677 904 704 ,
991 638 1201 694 ratres
1248 624 1638 706 carissimi,
1693 623 1813 710 qui
1865 635 2000 694 tam
2053 623 2311 726 egregii
2359 636 2677 694 constan-

149 713 307 782 tiam
355 713 781 802 proeliatoris
809 713 1231 793 audivimus,
1265 714 1387 800 qui
1422 725 1645 783 tantae
1681 713 1951 783 virtutis
1986 713 2287 803 insigma
2323 726 2677 800 tamquam

153 801 367 890 posita
414 802 546 871 sub
592 801 813 872 oculis
863 802 1237 881 intuemur,
1277 815 1341 872 et
1383 801 1515 891 ipsi
1551 801 1832 871 virtutes
1881 802 2131 872 habere
2174 824 2335 872 cum
2391 803 2503 872 Dei
2535 823 2683 872 om-

150 891 521 980 nipotentis
568 890 824 959 auxilio
871 891 1297 961 studeamus,
1350 889 1607 961 Pudeat
1655 891 1787 960 sub
1839 890 2149 981 ignaviae
2211 904 2482 980 torpore
2529 889 2683 960 lan-

146 1001 495 1070 guescere,
543 979 664 1065 qui
717 978 888 1050 alios
925 980 1278 1050 cernimus
1319 1001 1476 1048 cum
1530 991 1717 1048 tanta
1749 978 1832 1049 ad
1870 979 2136 1049 coelum
2189 979 2406 1069 gloria
2448 1000 2683 1069 perve-

146 1068 318 1137 nire.
373 1067 753 1138 Incalescat
819 1089 1015 1137 mens
1071 1079 1300 1137 nostra
1347 1067 1432 1137 ad
1483 1089 1773 1158 agonem
1823 1068 2261 1138 certaminis:
2316 1082 2381 1139 et
2429 1069 2484 1138 si
2541 1089 2678 1138 non

146 1156 338 1227 timet
383 1156 710 1226 audacter
754 1179 912 1225 cum
968 1157 1157 1228 hoste
1203 1157 1595 1248 confligere,
1651 1177 1786 1225 non
1851 1156 2116 1226 dubitet
2173 1156 2352 1226 duce
2417 1158 2683 1227 Christo

143 1244 413 1316 facilem
467 1245 601 1315 sibi
650 1246 999 1315 victoriam
1041 1245 1419 1335 provenire.
1473 1250 1550 1315 Et
1594 1244 1873 1333 quidem
1918 1246 2118 1317 nobis
2167 1245 2393 1315 minor
2431 1257 2532 1316 est
2584 1244 2680 1314 la-

142 1333 288 1416 bor,
347 1356 505 1402 cum
544 1345 767 1404 tamen
808 1354 1181 1404 commune
1227 1334 1316 1404 sit
1365 1335 1776 1424 praemium.
1830 1335 1997 1417 Quis
2029 1334 2213 1404 enim
2267 1334 2525 1405 nesciat
2576 1335 2682 1403 in-

145 1422 706 1512 comparabiliter
763 1444 912 1492 esse
975 1422 1378 1505 difficilius,
1431 1422 1663 1513 gladio
1710 1423 2044 1493 cervicem
2096 1422 2413 1503 subdere,
2465 1445 2676 1511 quam

142 1511 350 1602 gulae
389 1511 749 1581 illecebras
794 1511 1164 1582 cohibere?
1209 1512 1377 1594 Quis
1414 1532 1544 1581 non
1585 1510 1779 1581 malit
1826 1525 2137 1581 aestuare
2169 1511 2546 1592 laboribus,
2576 1511 2678 1580 vel

144 1602 455 1671 nuditate
495 1599 879 1690 frigescere,
931 1623 1141 1688 quam
1191 1601 1628 1669 flammarum
1672 1599 2048 1670 furentium
2101 1601 2420 1670 incendia
2471 1601 2681 1670 susti-

143 1694 352 1758 nere?
399 1690 568 1773 Quis
618 1710 750 1758 non
807 1689 1020 1759 levius
1067 1702 1338 1759 censeat
1399 1689 1661 1759 esurire
1721 1700 1786 1758 et
1839 1689 2052 1770 sitire,
2104 1711 2312 1776 quam
2365 1690 2512 1759 radi
2554 1711 2682 1757 un·

143 1778 352 1879 gulis,
423 1778 520 1847 vel
592 1778 963 1848 bestiarum
1037 1777 1381 1848 morsibus
1428 1778 1645 1847 tradi?
1692 1782 1786 1847 An
1838 1799 1970 1847 non
2027 1777 2483 1867 periculosius
2532 1790 2672 1858 est,

143 1889 214 1935 in
267 1867 545 1956 publico
618 1867 954 1936 minantia
1015 1865 1454 1936 frementium
1508 1872 1770 1957 Regum
1827 1865 2146 1937 mandata
2193 1881 2672 1947 contemnere,

141 1976 351 2042 quam
405 1956 689 2026 latenter
729 1956 797 2023 in
851 1966 1074 2024 mente
1124 1955 1350 2045 pravis
1405 1955 1940 2045 cogitationibus
1987 1955 2376 2025 contraire?
2424 1969 2674 2026 semet-

143 2044 375 2132 ipsum
430 2045 628 2114 morti
676 2043 1066 2114 ultroneum
1135 2043 1433 2124 tradere,
1484 2065 1693 2130 quam
1748 2042 2129 2113 voluntates
2199 2045 2512 2133 proprias
2544 2098 2559 2125 ,
2613 2058 2677 2112 et

141 2133 374 2202 carnis
419 2132 760 2203 desideria
794 2132 1185 2201 refrenare?
1231 2137 1396 2202 Cum
1433 2131 1663 2218 itaque
1703 2132 1934 2202 minus
1969 2131 2345 2202 laborando
2374 2133 2457 2203 ad
2492 2155 2676 2202 eam-

143 2220 298 2289 dem
353 2221 847 2292 beatitudinem
912 2219 1279 2301 tendimuS‚
1350 2242 1477 2289 cur
1539 2220 1964 2291 decertantes
2019 2221 2087 2289 in
2139 2221 2359 2291 stadio
2420 2222 2673 2291 imitari

142 2308 567 2399 negligimus
612 2322 687 2379 ut
733 2322 1082 2378 consortes
1137 2310 1203 2377 in
1258 2308 1474 2398 patria
1522 2309 1897 2379 victoribus
1940 2309 2227 2380 existere
2272 2310 2678 2380 valeamus?

141 2402 541 2486 Pugnemus
590 2396 822 2487 igitur,
877 2396 1117 2466 fratres
1168 2398 1323 2475 mei,
1364 2409 1428 2466 et
1477 2397 1947 2467 infestantium
2003 2420 2124 2468 nos
2160 2399 2477 2469 vitiorum
2531 2399 2677 2468 ille-

138 2485 382 2555 cebras
430 2502 789 2575 amputare
833 2508 1197 2556 curemus:
1253 2508 1387 2556 non
1437 2487 1620 2557 enim
1675 2508 2046 2577 possumus
2087 2487 2198 2558 hic
2247 2488 2547 2578 gaudere
2593 2488 2678 2558 de

140 2573 400 2655 seculo,
452 2589 518 2642 et
567 2573 706 2644 illic
741 2596 1025 2663 regnare
1062 2597 1223 2644 cum
1273 2575 1557 2645 Christo.
1611 2581 1691 2644 Et
1738 2576 2016 2664 quidem
2069 2578 2299 2648 beatos
2348 2584 2676 2667 Martyres

137 2685 301 2733 cum
354 2663 684 2733 membris
728 2663 986 2734 diaboli
1048 2663 1415 2734 dimicasse
1475 2666 2001 2755 cognoscimus:
2066 2688 2189 2735 nos
2237 2679 2463 2735 autem
2513 2687 2674 2735 cum

136 2754 291 2911 ipso
330 2751 726 2839 iniquorum
777 2753 998 2843 capite
1044 2752 1554 2824 infoederabilis
1590 2775 1862 2845 pugnae
1912 2754 2256 2823 luctamen
2299 2754 2665 2825 habemus,

139 2842 251 2912 Ili
302 2843 611 2911 vicerunt
656 2863 813 2911 eum
868 2863 987 2932 per
1049 2842 1358 2912 membra
1422 2852 1549 2912 sua
1598 2842 1994 2912 immaniter
2041 2843 2495 2912 saevientem:
2553 2863 2678 2913 nos

137 2952 467 3021 superare
510 2932 973 3020 praecipimur
1004 2931 1135 3001 sub
1185 2930 1594 3000 insidiarum
1632 2930 1997 3000 fraudibus
2032 2929 2438 3000 latitantem.
2477 2936 2673 3001 Utro·

133 3040 273 3107 que
322 3020 525 3088 modo
574 3019 1008 3110 triumphum
1057 3020 1140 3088 de
1191 3020 1306 3089 illo
1353 3018 1698 3109 gloriosus
1741 3032 2000 3108 martyr
2048 3019 2299 3090 Fidelis
2345 3020 2670 3099 obtinuit,

135 3108 256 3196 qui
307 3108 376 3176 in
433 3130 597 3198 pace
648 3131 767 3198 per
813 3108 1310 3179 aedificationis
1342 3108 1631 3199 gratiam
1669 3107 1757 3175 ab
1789 3108 1939 3197 ejus
1974 3107 2247 3178 vinculo
2296 3108 2674 3178 nonnullos

135 3197 418 3287 eripuit,
469 3210 536 3266 et
580 3198 807 3267 oblato
866 3197 1359 3286 persecutionis
1407 3195 1737 3276 articulo,
1799 3195 2265 3266 blandientem
2320 3197 2675 3267 nihilomi-

137 3308 298 3366 nuS‚
339 3298 404 3354 et
454 3298 814 3355 terrentem
869 3308 986 3375 per
1030 3307 1157 3355 sua
1212 3286 1518 3354 membra
1549 3285 1983 3375 contempsit.
2037 3287 2270 3356 Victus
2321 3286 2502 3366 vicit,
2557 3286 2676 3356 de-

126 3376 358 3464 jectus
404 3373 752 3455 ascendit,
814 3374 1173 3463 proprium
1228 3386 1436 3461 caput
1542 3372 1725 3443 ladio
1786 3372 2135 3455 subdidit,
2204 3387 2271 3443 ct
2340 3376 2701 3446 cervicem

136 3460 398 3532 diaboli
441 3476 806 3551 perpetuae
855 3462 1172 3531 victoriae
1221 3461 1391 3552 pede
1419 3483 1495 3530 ca
1531 3462 1732 3532 cavit.
1772 3467 1965 3533 Nunc
2007 3462 2463 3553 proculdubio
2501 3465 2678 3535 inter

135 3550 394 3642 ignitos
457 3571 796 3639 supernae
848 3549 1224 3619 Jerusalem
1295 3548 1563 3639 lapides
1622 3551 1896 3632 emicat,
1948 3565 2012 3621 et
2060 3574 2218 3620 cum
2273 3553 2680 3643 purpuratis

135 3636 730 3722 commilitonibus
795 3638 1196 3728 Imperatori
1247 3660 1374 3708 suo
1420 3637 1732 3709 coelestis
1783 3640 2183 3709 harmoniae
2247 3662 2522 3710 carmen
2577 3640 2679 3711 al-

139 3741 386 3799 ternat.
432 3727 634 3796 Felici
689 3727 1016 3797 nimirum
1066 3727 1480 3797 commercio
1528 3726 1841 3818 fragilem
1891 3730 2199 3819 corporis
2250 3730 2437 3799 exuit
2500 3729 2682 3800 tuni-

134 3840 317 3898 cam,
369 3828 435 3885 et
480 3815 849 3886 candidam
899 3814 1435 3886 immortalitatis
1479 3815 1773 3906 adeptus
1818 3830 1920 3888 est
1973 3817 2243 3887 stolam.
2299 3822 2385 3887 Ca
2443 3831 2517 3887 ut
2563 3817 2681 3888 de-

138 3906 431 3977 collatus
477 3905 744 3985 amisit,
798 3918 865 3975 et
911 3906 1205 3995 pretioso
1273 3926 1459 3974 nunc
1514 3904 1746 3995 lapide
1806 3919 2172 3976 coronatus
2223 3907 2375 3976 ince
2430 3907 2500 3975 it.
2555 3906 2681 3977 Ille

139 3995 400 4085 quippe
445 4016 603 4063 eum
665 4007 1057 4064 remunerat
1105 3995 1174 4062 in
1226 4008 1500 4064 aeterna
1541 3995 1688 4082 jam
1729 3994 1956 4081 quiete
2009 3995 2376 4075 victorem,
2430 3996 2552 4082 qui
2613 4008 2681 4067 et

145 4083 318 4153 inter
372 4082 554 4154 bella
613 4082 881 4153 dudum
949 4095 1325 4172 protexerat
1384 4082 1887 4164 decertantem,
1931 4087 2134 4153 Jesus
2191 4083 2504 4155 Christus
2553 4090 2677 4155 Do·

144 4171 377 4242 minus
429 4184 678 4252 noster,
733 4172 855 4259 qui
901 4192 1060 4240 cum
1096 4177 1289 4241 Patre
1320 4183 1387 4242 et
1416 4172 1676 4262 Spiritu
1717 4187 1955 4242 sancto
2005 4171 2169 4242 vivit
2210 4185 2277 4241 et
2323 4186 2563 4263 regnat
2604 4174 2675 4243 in

144 4261 378 4331 secula
427 4262 843 4341 seculorum,
896 4264 1131 4329 Amen.
