3347 4999
645 366 768 429 tto
1417 375 1499 426 Da
1547 380 1603 426 s.
1657 375 2003 426 FRANcisco
2051 377 2234 425 conr.
2832 358 3010 424 OCT.
3072 360 3117 424 4

552 465 909 536 humiliter
931 465 1177 535 Christi
1204 486 1477 533 servus:
1511 464 1823 544 «Videor,
1860 464 1976 544 ait,
2005 463 2176 531 mihi
2212 462 2552 532 maximus
2590 476 3118 551 peccatorum.»

551 556 668 625 Cui
720 578 881 624 cum
931 554 1137 622 frater
1183 553 1439 622 diceret
1507 575 1587 622 ex
1636 552 1924 623 adverso
1959 606 1974 631 ,
2028 551 2209 639 quod
2264 551 2392 632 hoc
2464 573 2599 619 non
2657 565 2882 639 posset
2933 571 3121 622 sana

550 643 973 714 conscientia
1022 642 1248 711 dicere
1298 663 1422 711 nec
1472 643 1750 720 sentire,
1804 641 2205 731 subjunxit:
2260 663 2295 706 «
2339 640 2404 708 Si
2454 655 3120 725 quantumcumque

552 733 957 802 sceleratum
1014 732 1361 801 bominem
1417 741 1602 799 tanta
1650 730 1888 801 fuisset
1938 730 2248 799 Christus
2283 728 2754 798 misericordia
2783 749 3120 819 prosecu-

553 835 688 902 tuS,
735 821 1032 892 arbitror
1080 841 1266 899 sane,
1318 819 1502 906 quod
1556 818 1777 888 multo
1824 840 2035 906 quam
2105 840 2269 908 ego,
2326 822 2457 886 Deo
2505 817 2764 918 gratior
2809 830 3015 886 esset.
3078 839 3118 880 »

552 910 1012 980 confirmatus
1062 909 1191 978 fuit
1237 907 1482 988 frater,
1538 930 1617 977 ex
1668 921 1806 978 tarn
1858 907 2292 977 admirabilis
2344 905 2758 976 humilitatis
2796 905 3062 975 auditu
3095 960 3111 985 ,

551 1000 636 1068 de
701 1000 977 1068 veritate
1042 997 1325 1067 visionis
1395 1011 1755 1078 ostensae,
1810 995 2179 1085 Evangelio
2241 1017 2436 1065 sacro
2512 1008 2797 1065 testante
2845 1016 3117 1094 cogno-

549 1111 772 1168 scenS,
827 1109 1004 1174 quae
1053 1086 1136 1155 ad
1187 1085 1656 1156 excellentiam
1723 1085 2020 1176 gloriae,
2075 1085 2159 1154 de
2205 1107 2344 1173 qua
2393 1085 2736 1174 superbus
2797 1084 3109 1174 ejicitur,

551 1199 704 1247 vere
761 1175 1050 1246 humilis
1115 1174 1471 1244 exaltetur.
1553 1174 1699 1244 Alio
1745 1196 2020 1262 quoque
2069 1188 2424 1264 tempore,
2495 1196 2655 1242 cum
2706 1172 2777 1241 in
2827 1173 3114 1242 deserta

550 1265 850 1354 quadam
902 1278 1126 1334 oraret
1171 1264 1484 1346 ecclesia,
1541 1264 1607 1333 in
1663 1264 2014 1364 provincia
2058 1270 2338 1342 Massae,
2394 1262 2579 1352 apud
2634 1273 2931 1331 montem
2990 1265 3120 1330 Ca-

552 1355 762 1426 salem
815 1355 848 1382 ⁸
883 1411 898 1436 ,
953 1353 1286 1422 intellexit
1346 1375 1467 1443 per
1514 1354 1836 1455 spiritum
1891 1375 2121 1423 sacras
2170 1351 2427 1420 ibidem
2482 1351 2895 1420 remansisse
2949 1350 3119 1419 reli-

550 1445 797 1530 quiaS,
852 1465 1026 1529 quas
1074 1464 1233 1510 cum
1298 1441 1502 1532 longo
1542 1464 1687 1532 jam
1743 1455 2048 1532 tempore
2095 1441 2534 1510 defraudatas
2578 1439 3122 1509 honorificentia

552 1534 806 1612 debita,
864 1546 1017 1599 non·
1051 1530 1198 1600 sine
1248 1552 1555 1600 moerore
1595 1531 2044 1618 conspiceret,
2102 1530 2444 1620 praecepit
2493 1529 2845 1609 fratribus,
2878 1541 2958 1597 ut
2992 1549 3121 1597 eas

551 1644 711 1690 curn
769 1619 1143 1690 reverentia
1191 1618 1535 1690 deferrent
1582 1619 1664 1688 ad
1719 1619 1971 1689 locum.
2029 1619 2155 1688 Sed
2205 1641 2363 1687 cum
2399 1672 2420 1699 ,
2526 1631 2798 1687 oscente
2846 1639 3066 1687 causa
3097 1672 3114 1696 ,

551 1710 984 1780 discessisset
1032 1710 1119 1778 ab
1184 1709 1305 1789 eiS,
1364 1709 1673 1778 mandati
1724 1709 1936 1797 patris
1988 1710 2426 1777 immemores
2493 1707 2618 1788 ilii,
2673 1705 3122 1776 obedientiae

557 1799 877 1868 meritum
956 1798 1422 1887 neglexerunt.
1504 1799 1620 1867 Die
1671 1819 1826 1866 vero
1873 1795 2172 1885 quadam
2209 1850 2229 1876 ‚
2286 1819 2444 1865 cum
2513 1819 2705 1866 sacra
2755 1794 3124 1866 celebrare

552 1887 803 1956 vellent
854 1887 1205 1976 mysteria,
1261 1887 1602 1976 superiori
1642 1887 1880 1956 altaris
1913 1887 2341 1976 operimento
2376 1886 2721 1964 submoto,
2757 1907 2913 1955 ossa
2953 1886 3124 1976 pul-

553 1977 899 2045 cherrima
948 1990 1012 2044 et
1062 1975 1432 2045 redolentia
1489 1977 1697 2045 nimis
1741 1997 1873 2045 non
1912 1977 2060 2045 sine
2093 1975 2548 2045 admiratione
2589 1975 2966 2063 reperiunt,
3005 1974 3123 2043 in-

554 2079 823 2134 tuentes
877 2065 1226 2150 reliquiaS,
1272 2087 1446 2151 quas
1490 2086 1619 2132 non
1666 2065 1971 2133 hominis
2022 2085 2296 2139 manus,
2334 2065 2447 2132 sed
2504 2066 2620 2133 Dei
2669 2065 2885 2132 virtus
2925 2077 3124 2131 attu-

557 2155 747 2223 lerat.
828 2159 1164 2223 Reversus
1230 2153 1437 2243 paulo
1504 2166 1651 2242 post
1716 2155 1829 2222 Vir
1893 2157 2021 2222 [leo
2082 2153 2410 2232 devotuS,
2466 2152 2831 2241 diligenter
2877 2153 3126 2237 coepit

550 2245 929 2330 exquirere,
986 2243 1043 2313 si
1093 2242 1273 2329 quod
1327 2242 1411 2309 de
1463 2242 1775 2329 reliquiis
1829 2241 2293 2321 mandaverat,
2346 2263 2496 2310 esse
2547 2241 2935 2330 impletum.
2981 2245 3119 2306 Ve-

552 2354 707 2401 ruin
762 2331 1110 2420 neglectae
1159 2331 1590 2400 obedientiae
1635 2331 1914 2422 culpam
1968 2330 2210 2400 fratres
2259 2331 2664 2399 confitentes
2713 2327 3118 2408 humiliter,

552 2442 712 2489 cum
768 2442 987 2511 poena
1034 2421 1299 2489 veniam
1354 2435 1775 2489 meruerunt.
1831 2426 1909 2490 Et
1956 2421 2050 2490 ait
2100 2421 2210 2487 Vir
2257 2433 2577 2489 sanctus:
2626 2443 2661 2484 «
2695 2417 3129 2488 Benedictus

554 2515 733 2577 Deus
784 2533 1032 2590 meuS,
1087 2510 1206 2598 qui
1262 2531 1379 2600 per
1426 2511 1734 2601 seipsum
1785 2510 2142 2599 implevit,
2194 2509 2376 2597 quod
2433 2530 2549 2578 vos
2588 2507 2810 2579 facere
2860 2508 3125 2598 debui-

552 2599 697 2667 stis.
742 2622 775 2664 »
828 2598 1196 2669 Considera
1244 2599 1367 2668 dili
1422 2613 1612 2669 enter
1645 2599 1918 2668 divinae
1957 2597 2422 2699 providentiae
2456 2619 2696 2668 curam
2729 2598 2914 2667 circa
2954 2597 3126 2687 pul-

552 2709 773 2755 verem
820 2702 1241 2760 sanctorum.
1294 2702 1358 2756 et
1452 2686 1688 2757 umilis
1741 2688 2080 2756 Franctsci
2129 2686 2573 2756 excellentem
2608 2686 2674 2755 in
2719 2685 2943 2756 oculis
2990 2688 3125 2756 Dei

550 2776 897 2932 (perpende
948 2778 1292 2846 virtutem.
1340 2781 1502 2844 Nam
1554 2777 1758 2865 cujus
1782 2776 2002 2865 jussis
2037 2797 2169 2844 non
2213 2777 2440 2865 paruit
2472 2776 2700 2855 homo,
2738 2776 2911 2845 votis
2943 2775 3126 2845 obe—

600 2865 719 2933 ivit
756 2870 954 2935 Deus.
2765 2934 2772 2941 .

638 2956 673 3040 ξ
723 2959 875 3026 42.
924 2953 1234 3036 Quodam
1288 2965 1593 3042 tempore
1640 2950 2010 3021 deveniens
2053 2952 2339 3021 lmolam
2375 2952 2465 3032 **,
2497 2951 2792 3020 civitatis
2825 2952 3128 3040 Episco-

550 3063 715 3132 pum
777 3042 970 3123 adiit,
1026 3041 1519 3128 humiliterque
1593 3041 1927 3131 poposcit,
2001 3056 2075 3109 ut
2143 3062 2300 3110 cum
2382 3042 2604 3131 ipsius
2673 3039 3124 3130 beneplacito

551 3132 766 3221 possit
884 3131 1172 3221 opulum
1245 3130 1328 3199 ad
1384 3129 1965 3220 praedicationem
2016 3152 2279 3199 vocare.
2334 3131 2452 3199 Cui
2505 3130 2884 3220 Episcopus
2933 3129 3125 3199 dure

551 3241 796 3305 respon
855 3241 1003 3299 en.5‚
1037 3218 1393 3300 «Sufficit,
1442 3218 1691 3305 inquit,
1745 3217 1974 3300 frater,
2013 3219 2195 3306 quod
2246 3241 2280 3287 e
2333 3242 2372 3288 o
2426 3218 2808 3309 praedicem
2845 3218 3122 3309 populo

556 3328 731 3375 meo.
791 3331 825 3373 »
876 3307 1244 3377 Inclinavit
1291 3321 1501 3397 caput
1550 3329 1749 3377 verus
1799 3308 2133 3392 humilis,
2180 3321 2244 3378 et
2286 3242 2474 3378 {oras
2526 3328 2846 3409 egressus
2881 3362 2897 3387 ,
2957 3323 3125 3397 post

553 3395 895 3464 modicam
974 3396 1209 3464 horam
1287 3396 1670 3486 regreditur
1718 3397 1922 3467 intro.
1977 3401 2022 3465 Α
2069 3419 2206 3483 quo
2254 3418 2412 3466 cum
2467 3402 2850 3487 Episcopus
2898 3399 3122 3483 quasi

555 3484 873 3555 turbatus
923 3486 1319 3572 requireret,
1372 3485 1534 3572 quid
1590 3486 1828 3555 iterato
1877 3498 2103 3576 petere
2138 3485 2356 3564 vellet,
2410 3485 2658 3555 humili
2696 3498 2831 3554 tam
2870 3486 3153 3575 corde,

549 3595 757 3660 quam
812 3595 972 3643 voce
1019 3573 1418 3663 respondit:
1476 3574 1890 3657 «Domine,
1948 3574 2001 3644 si
2059 3586 2247 3662 pater
2297 3574 2521 3643 filium
2573 3595 2711 3643 uno
2769 3572 3125 3662 repulerit

550 3663 763 3740 ostio,
818 3662 955 3733 alio
1004 3662 1134 3733 sibi
1186 3663 1659 3734 reintrandum
1713 3676 1836 3733 est.
1902 3686 1938 3730 »
1988 3663 2392 3733 Humilitate
2440 3663 2661 3735 victus
2720 3662 3126 3752 Episcopus

552 3751 761 3820 alacri
813 3751 1008 3821 vultu
1055 3774 1210 3821 eum
1263 3751 1623 3842 amplexus
1672 3765 1810 3833 est,
1863 3752 2144 3820 dicens:
2199 3775 2236 3819 «
2272 3758 2416 3827 Tu,
2455 3765 2522 3820 et
2567 3773 2810 3821 omnes
2857 3750 3124 3821 fratres

551 3841 649 3909 tui
700 3840 784 3908 de
832 3854 1097 3910 caetero
1145 3841 1214 3909 in
1266 3842 1678 3942 Episcopatu
1730 3862 1905 3922 me0,
1958 3840 2261 3931 generali
2301 3862 2451 3910 mea
2487 3840 2789 3921 licentia,
2830 3840 3123 3930 praedi-

550 3929 759 3998 cetis:
820 3953 854 3994 »
904 3931 1067 4016 quia
1118 3928 1288 3999 illud
1346 3930 1704 4000 humilitas
1753 3941 1992 3998 sancta
2041 3929 2446 4019 promeruit.

637 4019 673 4104 ξ
721 4020 877 4090 43.
933 4020 1247 4109 contigit,
1289 4020 1519 4108 ipsum
1571 4017 1951 4105 aliquando
2000 4017 2298 4087 Aretium
2344 4017 2685 4098 devenire,
2746 4040 2909 4087 eum
2969 4030 3128 4089 tota

549 4106 792 4176 civitas
843 4108 1166 4177 intestino
1217 4107 1395 4177 bello
1451 4120 1800 4192 quassata,
1858 4108 2328 4197 propinquum
2390 4106 2498 4177 sui
2553 4107 2952 4177 minabatur
3002 4130 3127 4178 ex-

550 4194 839 4265 cidium.
893 4198 1293 4286 Hospitatus
1345 4218 1499 4265 vero
1548 4196 1617 4263 in
1669 4195 2030 4276 suburbio,
2072 4196 2238 4265 vidit
2288 4218 2502 4285 supra
2551 4197 2895 4266 civitatem
2924 4198 3129 4266 exul·

552 4296 772 4355 tantes
820 4286 1215 4366 daemoneS,
1270 4307 1349 4354 ac
1403 4285 1837 4375 perturbatos
1883 4285 2065 4355 cives
2113 4285 2194 4354 ad
2247 4284 2527 4354 caedem
2582 4299 2894 4356 mutuam
2950 4307 3127 4365 suc-

550 4374 940 4445 cendentes.
998 4380 1078 4443 Ut
1124 4387 1353 4443 autem
1406 4372 1768 4445 seditiosas
1817 4373 1974 4443 illas
2022 4374 2356 4465 effugaret
2406 4376 2639 4444 aereas
2709 4388 3118 4465 potestateS,

598 4501 625 4528 ³
657 4501 806 4551 Supra
822 4502 1031 4551 Burgum
1049 4499 1209 4542 Sancti
1227 4500 1451 4550 sepulcri.
1984 4500 2039 4525 *³⁹¹
2072 4496 2191 4541 Olim
2220 4501 2392 4541 Forum
2419 4499 2639 4542 Cornelii.
