3347 4999
226 350 411 416 OCT..
457 351 482 414 4
1085 369 1162 414 ΒΕ
1211 369 1266 414 s.
1323 367 1581 415 nanneto
1630 368 1922 415 Aacfflssr.
2597 354 2681 417 27

219 450 318 518 eis
366 448 467 518 vel
519 448 769 518 semini
800 470 1037 517 eorum
1090 461 1416 517 eventura
1462 463 1680 531 erant,
1740 449 2109 537 praedixit:
2164 449 2464 537 qualiter
2510 451 2774 523 scilicet

220 559 629 608 successura
661 559 897 606 eorum
953 537 1311 626 posteritas
1363 559 1650 627 regnum
1709 552 1886 608 esset
1949 537 2378 608 nobilissime
2433 562 2772 629 propaga-

216 641 373 696 tura
405 641 610 713 atque
658 626 1150 716 gubernatura,
1194 640 1259 694 et
1313 641 1618 695 sanctam
1671 627 2047 697 Ecclesiam
2084 625 2570 709 sublimatura,
2619 650 2769 703 om-

216 717 426 802 nique
485 721 791 784 Romana
857 713 1191 815 dignitate
1246 736 1594 805 regnoque
1647 718 1986 805 potitura,
2039 728 2103 784 et
2167 717 2485 786 victorias
2532 732 2773 789 contra

215 804 512 873 aliarum
576 805 884 893 gentium
939 825 1263 872 incursus
1310 804 1686 893 adeptura:
1743 806 1875 875 nisi
1925 803 2096 873 sorte
2142 825 2183 872 a
2232 804 2411 874 bono
2472 805 2769 895 degene-

214 906 493 975 ranteS,
560 894 738 961 viam
784 892 1086 962 veritatis
1134 891 1576 978 reliquerint,
1629 906 1695 962 et
1759 893 2066 962 diversos
2111 892 2450 962 vitiorum
2512 893 2771 967 fuerint

211 983 432 1051 secuti
480 980 865 1051 anfractus:
919 981 1176 1067 quibus
1242 982 1498 1071 negligi
1542 982 2007 1051 ecclesiastica
2042 981 2213 1051 solet
2245 981 2644 1072 disciplina,
2704 999 2769 1054 et

215 1072 474 1158 quibus
507 1075 684 1141 Deus
718 1070 1122 1140 offenditur:
1178 1091 1257 1137 ac
1311 1092 1428 1158 per
1471 1072 1596 1139 hoc
1643 1092 1857 1160 regna
1909 1070 2129 1140 solent
2176 1071 2502 1149 subverti,
2561 1085 2766 1160 atque

214 1160 300 1228 de
334 1172 534 1249 gente
569 1160 636 1226 in
673 1173 946 1247 gentem
998 1156 1375 1228 transferri.
1413 1159 1603 1241 Quod
1657 1159 1743 1227 de
1792 1164 2020 1248 Moyse
2068 1159 2404 1247 scriptum
2440 1159 2761 1251 legimuS,

216 1249 386 1335 quia
430 1247 796 1337 splendida
845 1248 1019 1317 facta
1066 1260 1168 1316 est
1215 1244 1425 1317 facies
1474 1248 1651 1336 ejuS,
1706 1247 1874 1316 dum
1927 1248 2293 1337 respiceret
2333 1249 2403 1315 in
2452 1270 2608 1317 eum
2647 1256 2778 1320 Do-.

215 1337 491 1406 minus:
549 1338 675 1406 hoc
708 1349 772 1406 et
821 1337 889 1404 in
942 1336 1216 1405 beatum
1269 1337 1661 1427 Remigium
1701 1336 1852 1405 luce
1891 1335 2269 1426 splendida
2313 1336 2760 1420 illustratum,

214 1424 470 1494 factum
507 1424 721 1496 fuisse
754 1425 1195 1495 audivimus:
1247 1425 1571 1511 quonian»
1612 1426 1791 1494 sicut
1824 1430 2087 1514 Moyses
2136 1424 2485 1513 legislator
2528 1426 2764 1516 populi

214 1515 463 1583 veteris
510 1528 655 1585 erat
701 1537 741 1583 a
782 1514 1069 1584 Domino
1103 1516 1550 1585 constitutus:
1607 1515 1699 1583 ita
1745 1527 1812 1583 et
1859 1515 2101 1589 beatus
2150 1514 2506 1602 Remigius
2562 1538 2766 1585 evan-

215 1603 479 1692 gelicae
517 1604 776 1692 gratiae
827 1603 1001 1680 lator
1037 1603 1314 1692 populo,
1373 1603 1441 1671 in
1496 1603 1805 1693 proximo
1858 1625 1977 1693 per
2023 1602 2278 1671 fontem
2330 1602 2766 1693 baptismatis

212 1693 634 1773 innovando,
670 1693 888 1761 extitit
922 1713 1209 1761 munere
1248 1692 1495 1762 Christi
1528 1692 1810 1773 electus.
2139 1753 2150 1763 .
2781 1694 2784 1697 ’

299 1783 335 1868 ξ
384 1783 546 1852 88.
596 1786 860 1850 Interea
906 1780 1117 1849 eundi
1171 1781 1277 1850 via
1325 1780 1409 1849 ad
1450 1780 1943 1868 'baptisterium
1986 1803 2024 1849 a
2075 1779 2279 1848 domo
2329 1780 2517 1869 regia
2557 1804 2754 1870 prae-

213 1885 525 1959 paratur,
583 1867 748 1939 velis
798 1892 875 1938 ac
924 1870 1206 1938 cortinis
1254 1869 1544 1958 depictis
1592 1891 1672 1939 ex
1721 1881 2013 1955 utraque
2065 1881 2252 1958 parte
2305 1870 2758 1959 protenditur,

213 1972 280 2026 et
330 1958 630 2046 desuper
678 1958 1158 2038 adumbratur,
1197 1958 1460 2047 plateae
1494 1971 1923 2039 sternuntur,
1962 1957 2290 2028 ecclesiae
2322 1960 2765 2046 componitur

210 2046 696 2135 baptisterium
776 2044 1081 2116 balsamo
1129 2060 1194 2116 et
1240 2047 1526 2116 caeteris
1574 2047 2042 2116 odoramentis
2089 2048 2620 2136 conspergitur:
2667 2061 2761 2118 ta·

214 2133 491 2221 lemque
539 2135 827 2225 gratiam
887 2136 1216 2205 Dominus
1264 2135 1840 2205 subministrabat
1888 2136 1957 2203 in
2013 2135 2291 2225 populo,
2340 2152 2414 2202 ut
2448 2138 2765 2207 aestima-

216 2238 370 2291 rent
401 2246 472 2292 se
524 2223 826 2313 paradisi
867 2223 1198 2293 odoribus
1254 2223 1563 2294 refoveri.
1621 2226 1869 2311 Sicque
1920 2224 2490 2313 praecedentibus
2537 2247 2766 2295 sacro-

217 2314 478 2381 sanctis
525 2335 689 2381 evan
746 2312 923 2392 eliiS,
976 2327 1041 2381 et
1079 2313 1409 2383 crucibus
1457 2335 1614 2381 cum
1668 2313 1951 2402 hymnis
1995 2326 2060 2381 et
2105 2313 2394 2382 canticis
2442 2313 2762 2402 spiritua·

213 2399 400 2470 libus
447 2415 651 2488 atque
729 2402 985 2481 itaniiS,
1026 2414 1562 2489 sanctorumque
1598 2402 2453 2485 nominibusacclamatiS,
2485 2418 2765 2481 sanctus

217 2489 520 2579 pontifex
573 2512 852 2560 manum
907 2504 1146 2562 tenens
1198 2491 1425 2582 RegiS‚
1464 2515 1503 2561 a
1551 2491 1757 2562 domo
1809 2491 1991 2582 regia
2033 2492 2257 2583 pergit
2303 2491 2389 2561 ad
2443 2492 2764 2581 baptiste-

213 2579 442 2659 rium,
501 2581 960 2667 subsequente
1008 2581 1268 2670 Regina
1317 2594 1381 2650 et
1431 2581 1711 2670 populo,
1753 2585 1921 2649 Dum
1975 2597 2202 2650 autem
2256 2578 2465 2650 simul
2521 2603 2764 2672 perge-

210 2682 387 2749 rent,
414 2674 552 2738 Rex
586 2669 1033 2757 interrogavit
1056 2670 1497 2760 Episcopum,
1531 2671 1810 2739 dicens:
1840 2675 2147 2760 Patrone,
2174 2682 2276 2738 est
2305 2670 2433 2739 hoc
2459 2690 2757 2759 regnum

208 2758 350 2836 Dei,
406 2757 591 2844 quod
646 2757 820 2826 mihi
868 2758 1254 2846 promittis?
1302 2759 1421 2828 Cui
1470 2760 1893 2848 Episcopus:
1947 2764 2087 2829 Non
2141 2771 2241 2828 est
2294 2759 2443 2836 hoc,
2500 2758 2753 2844 inquit,

206 2844 383 2915 illud
425 2867 744 2935 regnum,
800 2845 937 2918 sed.
969 2847 1243 2916 initium
1296 2849 1464 2927 viae,
1522 2870 1641 2937 per
1672 2870 1884 2934 quam
1923 2848 2194 2917 venitur
2226 2847 2310 2915 ad
2355 2846 2550 2914 illud.
2592 2852 2760 2937 Cum

204 2955 363 3002 vero
416 2935 883 3025 pervenissent
929 2934 1014 3004 ad
1066 2936 1588 3025 baptisterium,
1644 2936 1980 3016 clericus,
2035 2935 2154 3022 qui
2203 2935 2509 3004 chrisma
2575 2935 2763 3005 defe-

208 3024 426 3102 rebat,
481 3046 519 3091 a
572 3024 828 3113 populo
874 3037 977 3094 est
1027 3024 1468 3114 interceptuS‚
1503 3040 1582 3094 ut
1626 3024 1713 3094 ad
1767 3025 2017 3100 fontem
2072 3024 2300 3092 venire
2352 3026 2755 3110 nequiverit.

208 3112 647 3182 Sanctificate
712 3125 943 3182 autem
1014 3112 1239 3192 fonte,
1296 3127 1469 3183 nutu
1517 3114 1751 3197 divino
1801 3112 2112 3188 chrisma,
2173 3112 2412 3192 defuit.
2468 3119 2545 3183 Et
2593 3116 2761 3202 quia

204 3213 488 3300 propter
538 3202 774 3290 populi
820 3223 1209 3290 pressuram
1263 3202 1389 3270 ulli
1442 3224 1577 3272 non
1620 3201 1894 3291 patebat
1934 3221 2255 3291 egressus
2288 3201 2621 3274 ecclesiae
2654 3203 2754 3273 vel

204 3311 590 3378 ingressus,
624 3303 906 3359 sanctus
929 3290 1241 3379 'pontifex
1266 3291 1489 3361 oculis
1515 3315 1594 3360 ac
1628 3290 1953 3362 manibus
1984 3291 2326 3379 protensis
2354 3291 2422 3362 in
2456 3292 2752 3374 coelum,

203 3378 432 3467 coepit
481 3380 680 3448 tacite
728 3401 925 3450 orare
972 3401 1131 3448 cum
1186 3378 1537 3469 lacrymis.
1608 3384 1684 3447 Et
1746 3401 1901 3448 ecce
1951 3379 2178 3454 subito
2226 3379 2562 3454 columba·
2602 3381 2755 3450 nive

201 3466 571 3535 candidior
617 3466 843 3536 attulit
892 3468 958 3535 in
1012 3481 1232 3540 rostro
1281 3467 1769 3558 ampullulam,
1823 3468 2199 3537 chrismate
2247 3483 2494 3544 sancto¹
2536 3469 2755 3560 reple-

202 3567 374 3634 tam,
419 3555 617 3642 cujus
665 3555 870 3646 odore
907 3556 1200 3626 mirifico
1249 3579 1459 3645 super
1503 3577 1746 3625 omnes
1779 3557 2045 3636 odores,
2085 3579 2259 3643 quos
2309 3572 2466 3627 ante
2519 3559 2584 3636 in
2640 3559 2757 3636 ba-

150 3727 155 3734 ,
200 3643 517 3734 ptisterio
578 3659 977 3724 senserant,
1028 3666 1268 3716 omnes
1317 3646 1435 3732 qui
1485 3645 1773 3718 aderant
1806 3700 1822 3725 ,
1869 3645 2363 3715 inaestimabili
2415 3648 2753 3720 suavitate

201 3732 445 3821 repleti
476 3746 661 3801 sunt.
706 3734 1094 3822 Accipiente
1124 3746 1350 3804 autem
1378 3750 1617 3820 sancto
1645 3734 1968 3823 pontifice
2004 3735 2228 3824 ipsam
2262 3734 2773 3824 ampullulam,-

202 3822 471 3909 species
518 3821 877 3891 columbae
926 3822 1292 3912 disparuit.
1349 3827 1436 3891 De
1484 3844 1621 3909 quo
1658 3823 2044 3896 chrismate
2091 3822 2268 3892 fudit
2318 3825 2768 3905 venerandus·

201 3909 588 3999 Episcopus
637 3909 706 3977 in
758 3909 1015 3982 fontem
1068 3924 1416 3984 sacratum
1454 3912 1509 3980 ²⁶.
1680 3955 1684 3962 ·
1777 3951 1790 3980 ,·
2272 3971 2276 3978 .
2407 3981 2412 3988 .
2547 3959 2552 3964 ·
2646 3953 2674 3988 :·.
2713 3981 2742 3992 ,,

293 4000 329 4085 ξ
364 4002 524 4071 aa.
570 3999 736 4068 *Viso
771 4013 997 4069 autem
1031 4005 1165 4068 Rex
1199 4012 1384 4068 tanto
1416 3999 2169 4089 miracul0,-abnegatis
2195 4000 2450 4080 diaboli
2475 4002 2770 4091 ‚pompis

200 4100 268 4155 et
317 4089 643 4176 operibus
692 4093 864 4175 ejus,
923 4089 1115 4177 petiit
1163 4105 1321 4160 sefla
1368 4089 1982 4177 sanctolpontifiee
2034 4089 2389 4178 baptizari.
2444 4091 2756 4180 Procedit

200 4198 423 4245 novus
454 4177 946 4248 Constantinus
981 4175 1448 4252 adlavacrum
1478 4178 1938 4257 salutiferum,
1977 4178 2048 4246 in
2082 4177 2526 4262 quo'delendi
2561 4193 2756 4248 erant

204 4265 268 4333 le
324 4287 436 4336 rae
474 4266 729 4336 'veteris
782 4266 1028 4346 morhi,
1071 4266 1562 4354 sordentesque
1608 4268 1933 4354 antiquae
1969 4279 2402 4354 peccatorum
2449 4269 2756 4338 maculae

208 4352 275 4421 di
312 4353 623 4436 uendae,
697 4354 931 4422 divino
1005 4356 1277 4423 muneri
1327 4357 1743 4442 obsequente
1813 4354 2005 4422 beato
2065 4355 2421 4442 Remigio,
2489 4356 2555 4422 in
2620 4378 2756 4442 quo

258 4480 282 4506 ⁸
312 4481 450 4528 Haec,
471 4485 610 4530 atque
636 4482 871 4531 ejusmodi
891 4482 1132 4531 praeclara
1153 4483 1197 4524 S.
1220 4483 1419 4533 Remigii
1439 4481 1569 4532 signa
1592 4481 1758 4520 retulit
1779 4481 1899 4520 boun
1914 4482 2002 4521 fide
2028 4479 2311 4521 Hinc-marus
2333 4489 2387 4519 ex
2408 4482 2663 4529 anonymo.
