3347 4999
727 366 853 430 386
1298 382 1375 428 na
1424 381 1480 428 S.
1533 380 1790 428 camno
1840 381 1934 427 rr.
1990 381 2062 426 Er
2109 377 2243 427 soc.
2298 381 2485 427 MART.
2852 362 3023 427 OCT.
3085 368 3174 432 Η»

637 466 1045 537 Palmatius:
1093 488 1127 531 «
1164 469 1303 534 Hoc
1343 464 1494 544 feci,
1531 464 1786 546 infelix,
1840 464 2039 551 quasi
2088 464 2396 553 ignarus;
2452 486 2636 533 nunc
2686 485 2839 533 vere
2872 469 3174 555 cognovi

640 557 1015 625 veritatem.
1082 554 1254 622 Hinc
1317 554 1644 642 deprecor
1693 554 2060 622 Dominum
2109 560 2344 622 ‚lesum
2397 553 2795 631 Christum,
2852 565 2925 621 ut
2990 555 3178 625 mihi

640 646 998 733 ignoscat,
1052 643 1216 728 quia
1263 643 1589 732 ignorans
1654 641 1951 731 peccavi.
2009 664 2043 707 »
2106 642 2227 711 His
2274 641 2552 721 auditis,
2606 641 2970 711 subridens
3018 643 3176 712 Ale-

639 732 917 812 xander,
958 730 1239 800 tradidit
1282 752 1438 800 eum
1492 730 1766 799 cuidam
1819 731 2137 810 senatori,
2185 728 2537 819 Simplicio
2586 730 2882 808 nomine,
2918 731 3069 819 ejus
3107 734 3175 801 ei

639 843 875 890 curam
918 819 1370 898 demandanS,
1423 842 1502 887 ac
1554 839 1863 898 monens,
1909 832 1985 887 ut
2032 818 2218 887 dulci
2278 840 2588 887 sermone
2628 840 2783 887 eum
2824 833 3177 890 revocaret

639 909 725 977 ad
775 907 1116 978 culturam
1169 907 1493 976 deorum:
1552 906 1753 976 talem
1803 906 1985 975 enim
2032 907 2280 986 virum,
2339 908 2693 993 inquien5‚
2749 908 3170 995 Respublica

641 1011 874 1067 nostra
924 996 1387 1065 necessarium
1444 995 1665 1063 habet.

730 1088 765 1172 ξ
811 1090 899 1156 ὅ.
955 1083 1353 1174 Simplicius
1416 1083 1625 1173 igitur
1675 1082 2081 1152 Palmatium
2136 1084 2529 1152 humaniter
2578 1084 2848 1173 recepit.
2912 1107 2989 1153 ac
3052 1109 3175 1154 ve-

642 1174 864 1244 stibus
907 1174 1220 1263 pretiosis
1272 1172 1590 1242 nobiliter
1640 1172 1958 1240 indutum
2010 1172 2204 1241 duxit
2251 1172 2319 1239 in
2371 1172 2652 1241 domum
2706 1195 2923 1253 suam,
2967 1196 3175 1263 prae·

640 1262 904 1351 cipiens
950 1262 1141 1331 uxori
1193 1275 1257 1331 et
1290 1260 1667 1348 majoribus
1703 1260 2005 1329 familiae
2033 1283 2224 1340 suae,
2262 1275 2336 1329 ut
2374 1283 2648 1329 omnem
2691 1261 2971 1330 domum
3009 1264 3172 1332 Pal-

644 1352 897 1420 matius
944 1351 1015 1419 in
1065 1373 1187 1419 sua
1240 1362 1566 1439 potestate
1615 1349 1912 1418 haberet.
1968 1354 2154 1418 Tunc
2205 1349 2321 1417 ille
2368 1349 2678 1439 jejuniis,
2732 1351 3175 1421 orationibus

640 1461 718 1509 ac
770 1439 1021 1528 vigiliis
1086 1438 1409 1507 insistens
1440 1492 1454 1518 ,
1512 1460 1643 1506 non
1694 1438 2002 1507 cessabat
2049 1459 2205 1506 cum
2260 1437 2584 1526 lacrymis
2633 1443 2841 1507 Deum
2896 1444 3169 1510 Patrem

638 1530 1173 1617 omnipotentem
1228 1541 1291 1596 et
1340 1526 1704 1595 Dominum
1754 1532 1989 1596 Jesum
2044 1527 2384 1595 Christum
2439 1528 2686 1596 Filium
2753 1528 2903 1615 ejus
2955 1530 3176 1617 profi-

638 1617 805 1697 teri,
861 1616 1344 1706 poenitentiam
1414 1614 1681 1703 agendo
1753 1613 1836 1682 de
1882 1636 2110 1683 errore
2157 1638 2305 1684 suo.
2361 1617 2480 1685 His
2534 1616 2958 1704 temporibus
3007 1619 3169 1703 qui-

638 1704 822 1785 dam,
884 1705 1062 1773 Felix
1114 1703 1411 1782 nomine,
1468 1704 1649 1770 venit
1696 1703 1777 1770 ad
1811 1724 1995 1782 eum,
2034 1704 2234 1792 cujus
2268 1726 2435 1772 uxor
2463 1704 2734 1784 clinica,
2779 1704 2912 1792 jam
2956 1710 3174 1775 annis

633 1807 932 1879 quatuor
978 1796 1055 1861 ea
1107 1792 1464 1861 tenebatur
1510 1791 1946 1871 infirmitate,
1977 1793 2120 1878 qui,
2179 1792 2539 1880 procidens
2587 1792 2670 1861 ad
2726 1792 2930 1881 pedes
2978 1795 3159 1878 eius,

633 1882 761 1950 ait:
810 1906 844 1946 «
899 1881 1255 1950 confessor
1306 1879 1573 1948 Domini
1622 1880 1837 1948 nostri
1893 1886 2060 1949 Jesu
2109 1880 2376 1958 Christi,
2430 1880 2818 1970 deprecare,
2874 1903 3166 1967 quaes0,

638 1992 757 2059 pro
809 1969 1059 2039 ancilla
1111 1981 1223 2037 tua
1274 1967 1552 2048 Blanda,
1607 1990 1817 2037 uxore
1867 1990 2046 2049 mea,
2103 1982 2176 2037 ut
2222 1968 2522 2038 elevetur
2580 1969 2664 2037 de
2733 1969 2906 2038 lecto
2960 1970 3160 2040 dolo-

639 2060 776 2139 riS,
832 2079 909 2126 ac
951 2057 1263 2146 sospitati
1304 2057 1700 2125 restituatur
1750 2056 2113 2146 pristinae:
2152 2057 2274 2126 diu
2327 2058 2508 2125 enim
2560 2070 2661 2127 est
2696 2079 2777 2126 ex
2823 2080 2999 2144 quo,
3039 2082 3165 2149 pa-

636 2147 847 2215 ralvsi
898 2146 1193 2215 resoluta
1260 2144 1567 2214 membra
1617 2145 2026 2235 fatigentur,
2097 2157 2161 2214 et
2225 2159 2454 2216 nostra
2496 2147 2642 2235 jam
2701 2145 2996 2217 facultas
3044 2149 3167 2218 de·

635 2218 813 2304 fecit.
873 2240 1006 2324 Ego
1054 2234 1237 2302 enim
1270 2248 1336 2303 et
1381 2234 1616 2302 eadem
1660 2256 1934 2303 sacrum
1977 2234 2317 2323 baptisma
2367 2235 3168 2325 suscipiemuS.»·Hujus

687 2323 955 2392 recibus
997 2335 1342 2413 permotus
1392 2322 1789 2402 Palmath,
1838 2336 2190 2412 praesente
2238 2345 2446 2392 uxore
2481 2323 2818 2411 Simplicii
2850 2347 2931 2394 ac
2965 2326 3165 2394 omni

660 2411 893 2480 amilia
943 2410 1176 2480 multis
1231 2432 1313 2478 ue
1344 2410 1521 2490 aliis,
1560 2410 1806 2479 cecidit
1838 2414 1903 2477 in
1943 2425 2213 2491 terram,
2253 2410 2560 2498 fusisque
2603 2411 2927 2501 lacrymis
2964 2434 3167 2483 orare

635 2501 857 2590 coepit
904 2523 1062 2569 cum
1116 2505 1197 2568 Fe
1233 2501 1354 2578 ice,
1406 2499 1681 2568 dicens:
1724 2523 1760 2566 «
1809 2499 2089 2569 Domine
2140 2505 2336 2580 DeuS,
2394 2501 2513 2588 qui
2557 2501 2965 2570 illuminasti
3019 2525 3167 2572 ser-

634 2612 790 2658 vum
843 2600 1035 2658 tuum
1077 2643 1093 2668 ,
1145 2600 1209 2657 et
1270 2589 1539 2656 donasti
1600 2588 1767 2656 mihi
1834 2588 2064 2657 lumen
2116 2602 2467 2658 aeternum
2508 2645 2522 2668 ‚
2578 2590 2765 2659 salva
2824 2590 3161 2660 ancillam

631 2692 818 2746 tuam
872 2677 1224 2755 Blandam,
1263 2699 1342 2745 ac
1368 2676 1550 2765 erige
1583 2699 1731 2744 eam
1765 2699 1804 2745 a
1838 2677 2006 2746 lecto
2037 2677 2314 2758 doloriS,
2361 2692 2433 2746 ut
2471 2691 2887 2769 cognoscant
2915 2702 3166 2750 omnes

625 2768 791 2852 quia
839 2778 913 2835 tu
958 2788 1031 2836 es
1094 2771 1269 2834 Deus
1316 2783 1577 2833 creator
1623 2766 1936 2834 omnium
1992 2788 2242 2834 rerum.
2286 2790 2320 2832 »
2373 2767 2620 2835 Eadem
2674 2780 2898 2835 autem
2956 2769 3156 2849 hora,

627 2857 808 2924 venit
861 2854 1111 2923 Blanda
1176 2852 1465 2942 pedibus
1515 2854 1661 2923 suis
1708 2874 2034 2933 currens,
2088 2876 2166 2923 ac
2215 2854 2497 2923 domum
2550 2856 2886 2945 Simplicii
2939 2863 3162 2926 Sena-

626 2945 790 3013 toris
830 2944 1116 3023 intranS,
1157 2942 1575 3031 baptismum
1631 2940 1982 3011 humiliter
2028 2956 2276 3022 exorat,
2332 2943 2608 3012 dicens:
2651 2968 2684 3010 «
2717 2945 2991 3033 Baptiza
3016 2969 3161 3028 me,

626 3046 836 3120 pater,
894 3031 961 3100 in
1013 3032 1290 3100 nomine
1341 3030 1604 3099 Domini
1660 3031 1873 3100 nostri
1904 3031 2074 3100 Jesu
2117 3031 2388 3112 Christi,
2434 3034 2554 3118 qui
2604 3034 2820 3102 tenuit
2864 3056 3161 3104 manum

627 3143 848 3189 meam
898 3134 961 3188 et
1011 3119 1252 3189 levavit
1304 3141 1503 3187 me.»
1545 3124 1733 3187 Tunc
1800 3119 1978 3187 Felix
2026 3122 2249 3210 coepit
2289 3143 2534 3211 urgere
2587 3120 3028 3203 Palmatium‚
3084 3138 3174 3193 ut

622 3209 1102 3296 baptizaretur.

712 3306 749 3377 ἓ
792 3303 883 3368 θ.
937 3297 1029 3364 Ad
1078 3297 1227 3384 ejus
1273 3318 1431 3386 ergo
1483 3296 1877 3367 instantiam
1914 3297 2158 3367 accivit
2190 3298 2521 3368 Calixtum
2556 3296 2964 3387 Episcopum
3000 3300 3176 3369 Pal-

625 3386 908 3465 matiuS,
969 3385 1087 3470 qui
1137 3385 1415 3454 veniens
1465 3385 1827 3475 baptizavit
1869 3386 2155 3456 Felicem
2207 3409 2363 3456 cum
2420 3408 2625 3455 uxore
2675 3409 2803 3455 sua
2859 3386 3165 3458 Blanda.

619 3476 761 3542 Hoc
813 3473 952 3542 viso
994 3472 1346 3552 miraculo,
1405 3473 1804 3562 Simplicius
1846 3480 2128 3544 Senator
2179 3474 2595 3564 provolvitur
2636 3474 2721 3544 ad
2777 3474 2981 3565 pedes
3017 3481 3157 3546 Ca-

619 3561 764 3631 lixti
814 3562 1152 3651 Episcopi,
1196 3561 1414 3629 eidem
1466 3562 1822 3631 humiliter
1870 3564 2295 3654 supplicans,
2335 3577 2411 3631 ut
2457 3577 2520 3631 et
2574 3564 2800 3653 ipsum
2855 3564 3176 3653 baptizet

618 3673 775 3720 cum
825 3651 1012 3720 omni
1051 3650 1254 3719 domo
1301 3671 1447 3719 sua.
1505 3657 1693 3720 Tunc
1744 3651 2122 3742 Episcopus
2171 3652 2584 3721 fiducialiter
2633 3652 2835 3720 dixit:
2892 3677 2930 3717 «
2975 3656 3169 3723 Con-

614 3752 847 3830 greget
898 3739 1224 3809 Dominus
1276 3739 1574 3808 triticum
1628 3741 1697 3807 in
1739 3740 2060 3809 horreum
2112 3751 2356 3810 suum:
2397 3754 2525 3810 »et
2571 3740 2993 3810 catechismo
3039 3744 3163 3812 in-

614 3843 942 3898 structam
981 3828 1344 3916 baptizavit
1383 3827 1667 3897 domum
1703 3828 1875 3916 ejus,
1915 3831 2183 3899 animas
2227 3828 2485 3899 scilicet
2520 3828 2895 3919 promiscui
2938 3852 3176 3902 sexus

611 3918 880 3987 circiter
929 3917 1280 4007 sexaginta
1326 3930 1500 3986 octo.
1539 3923 1727 3987 Tunc
1778 3919 2015 3987 beatus
2067 3917 2470 4006 Calepodius
2503 3917 2875 4006 presbyter,
2912 3918 2982 3986 in
3020 3942 3178 3990 me-

612 4005 807 4076 dium
834 4020 1226 4076 sanctorum
1271 4006 1663 4084 convolans,
1696 4028 1853 4074 cum
1887 4006 2141 4096 gaudio
2168 4005 2591 4087 exclamavit,
2619 4006 2894 4076 dicens:
2936 4009 3174 4078 «Glo-

608 4095 712 4162 ria
761 4095 927 4176 tibi,
984 4094 1266 4163 Domine
1311 4100 1476 4162 Jesu
1525 4095 1783 4164 Christe
1821 4148 1839 4173 ,
1896 4095 2016 4181 qui
2076 4095 2401 4185 dignatus
2449 4118 2522 4166 es
2571 4096 2654 4164 de
2706 4096 3010 4166 tenebris
3069 4100 3170 4169 ad

610 4183 835 4251 lucem
879 4184 1253 4273 perducere
1302 4182 1637 4252 facturam
1707 4199 1887 4252 tuam
1942 4207 2019 4252 ac
2069 4184 2152 4253 de
2199 4206 2425 4252 errore
2473 4183 2776 4273 eripere:
2816 4184 2924 4252 sac
2983 4208 3170 4258 cum

610 4271 824 4340 servis
868 4273 1000 4341 tuis
1048 4272 1431 4341 secundum
1488 4295 1807 4361 magnam
1865 4272 2406 4343 misericordiam
2461 4286 2674 4342 tuam.
2740 4296 2772 4336 »
2838 4274 3174 4347 Audiens

608 4382 767 4430 vero
815 4360 1187 4430 Alexander
1226 4362 1387 4445 quia
1440 4360 1809 4430 multitudo
1847 4360 2205 4430 hominum
2250 4362 2674 4450 baptismum
2727 4363 3173 4452 percepisset

606 4471 650 4519 a
675 4449 868 4520 beato
896 4448 1147 4519 Calixto
1174 4450 1530 4539 Episcopo,
1572 4450 1760 4521 misit
1786 4451 2158 4520 exercitum
2191 4450 2514 4532 militum,
2551 4468 2629 4520 ac
2655 4449 2867 4520 tenuit
2900 4472 3184 4524 omnes
