3347 4999
728 295 746 357 l
772 295 845 357 14
1276 299 1285 308 ’
1501 310 1685 358 neos.
1738 308 2081 357 rnaxetsco
2130 308 2315 357 conr.
2573 275 2578 280 ⁶
2934 291 3141 356 OCT.
3199 296 3222 358 i

633 417 755 495 per
803 396 1032 485 ipsum
1067 450 1081 474 ,
1133 406 1197 463 et
1246 394 1559 463 virtutem
1613 395 1763 482 ejus
1829 395 1897 462 in
1953 394 2216 483 meipso
2271 406 2591 484 expertus
2657 395 2980 484 agnovi,
3051 394 3226 464 vitae

635 484 826 552 illius
868 484 1172 563 virtuteS‚
1218 497 1412 552 actus
1460 497 1524 552 et
1574 483 1800 563 verba,
1853 483 2053 570 quasi
2106 482 2485 573 fragmenta
2537 483 2886 569 quaedam
2952 485 3222 572 partim

635 572 965 662 neglecta,
1022 571 1409 663 partimque
1449 572 1788 661 dispersa,
1841 593 2265 659 quamquam
2309 572 2510 661 plene
2560 593 2692 641 non
2742 593 3082 661 possem,
3134 586 3230 640 ut-

636 684 936 748 cumque
983 660 1401 750 colligerem,
1459 683 1541 728 ne
1586 660 2041 730 morientibus
2092 662 2197 730 iis,
2236 661 2351 747 qui
2405 682 2563 729 cum
2610 664 2816 736 Servo
2877 662 3012 729 Dei
3074 683 3231 731 con-
3273 729 3274 736 χ

637 751 964 830 vixerant,
1043 750 1456 839 deperirent.
1514 754 1593 818 Ut
1644 748 1854 906 igitur
1916 750 2088 818 vitae
2156 750 2376 838 ipsius
2433 749 2679 818 veritas
2736 750 2824 818 ad
2892 755 3274 839 posteros³

638 839 1209 920 transmittenda,
1264 838 1517 908 certius
1569 838 1737 906 miii
1789 851 2132 907 constaret
2180 851 2244 907 et
2290 838 2550 907 clarius
2582 893 2596 917 ,
2652 838 2907 907 adiens
2983 838 3224 908 locum

636 928 947 1017 originis,
987 927 1526 997 conversationis
1564 941 1628 994 et
1663 928 1994 996 transitus
2031 927 2164 995 Viri
2218 927 2462 1008 sancti,
2501 948 2671 1010 „cum
2716 926 3224 996 familiaribus

635 1018 784 1106 ejus
833 1017 1063 1086 adhuc
1112 1015 1711 1105 superviventibus
1751 1015 2182 1084 collationem
2234 1015 2318 1083 de
2367 1016 2452 1086 iis
2490 1016 2701 1085 habui
2749 1015 3223 1104 diligentem.

634 1121 698 1175 et
749 1107 1045 1175 maxime
1092 1127 1251 1174 cum
1303 1103 1751 1191 quibusdam,
1795 1105 1914 1191 qui
1964 1105 2346 1174 sanctitatis
2402 1107 2553 1194 ejus
2601 1118 2664 1173 et
2713 1105 3004 1173 conscii
3086 1105 3225 1175 sue·

635 1206 820 1274 runt,
876 1208 942 1263 et
990 1206 1354 1265 sectatores
1405 1193 1628 1282 praeci
1687 1193 1782 1270 ui,
1835 1192 2090 1279 quibus
2144 1207 2417 1294 propter
2464 1194 2766 1284 agnitam
2812 1195 3220 1264 veritatem.

638 1284 1137 1373 probatamque
1181 1283 1519 1360 virtutem,
1567 1280 1612 1350 fi
1666 1303 1738 1350 es
1767 1296 1869 1351 est
1905 1281 2457 1353 indubitabiliter
2503 1281 2948 1353 adhibenda.

726 1380 764 1453 ἓ
807 1377 891 1445 ιι.
938 1376 1012 1440 In
1064 1371 1525 1459 descriptione
1573 1384 1804 1439 autern
1876 1392 2114 1441 eorum
2155 1426 2170 1451 ‚
2224 1393 2401 1458 quae
2451 1392 2571 1460 per
2642 1375 2943 1440 Servum
3008 1394 3218 1441 suum

637 1465 815 1531 Deus
854 1460 1223 1549 dignanter
1269 1459 1511 1541 effecit,
1552 1460 1903 1540 curiosum
1930 1458 2087 1548 styli
2130 1474 2450 1529 ornatum
2497 1459 3025 1551 negligendum
3089 1484 3222 1529 esse

686 1550 895 1629 utavi,
953 1571 1110 1618 curn
1165 1547 1452 1638 legentis
1500 1548 1766 1617 devotio
1810 1547 1968 1637 plus
2017 1548 2320 1639 simplici
2371 1570 2711 1632 sermone,
2759 1572 2999 1635 quam
3069 1550 3222 1638 pha-

634 1573 871 1718 ferato,
928 1637 1261 1727 proficiat.
1308 1642 1438 1707 Nec
1474 1659 1745 1726 semper
1793 1636 2150 1707 historiam
2204 1636 2586 1707 secundum
2641 1638 2980 1707 ordinem
3065 1654 3220 1707 tem-

638 1727 822 1816 poris
865 1728 1045 1796 texui
1147 1740 1373 1815 ropter
1432 1724 1905 1796 confusionem
1954 1727 2351 1796 vitandam:
2407 1726 2522 1795 sed
2597 1726 2829 1816 potius
2882 1726 3217 1796 ordinem

634 1838 902 1885 servare
953 1829 1059 1885 stu
1118 1816 1189 1884 ui
1242 1815 1461 1972 magis
1512 1828 1709 1904 aptae
1769 1816 2185 1903 juncturae,
2251 1814 2633 1885 secundum
2700 1815 2890 1902 quod
2973 1817 3216 1886 eodeni

639 1918 906 1989 peracta
962 1919 1286 1994 tempore,
1397 1904 1634 1972 iversis
1689 1905 2015 1984 materiis,
2075 1905 2169 1974 vel
2223 1904 2511 1974 diversis
2564 1916 2828 1992 patrata
2879 1910 3219 1996 tempori·

632 1993 790 2076 buS‚
828 1993 1049 2064 eidem
1093 1993 1411 2061 materiae
1461 2015 1843 2082 congruere
1894 1993 2324 2063 videbantur.
2381 1991 2660 2061 Initium
2723 2007 2976 2063 autern
3059 1996 3218 2063 vitae

635 2084 880 2171 ipsius,
939 2103 1343 2171 progressus
1372 2094 1435 2150 et
1483 2083 2016 2162 consummatio,
2071 2081 2465 2170 quindecim
2512 2081 2836 2151 distincta
2875 2084 3219 2172 capitulis

635 2172 1150 2250 describuntur,
1208 2170 1495 2239 inferius
1544 2170 1972 2240 adnotatis...

1579 2405 1816 2470 VITAE
1868 2404 2255 2470 HISTORIA

925 2551 1010 2613 De
1056 2548 1548 2615 conversatione
1575 2549 1641 2614 S.
1693 2548 2040 2614 Francisci
2086 2548 2150 2613 in
2200 2546 2432 2613 habitu
2466 2547 2784 2613 seculari.
2844 2547 2878 2577 '⁴‘

723 2709 756 2793 ξ
800 2711 872 2775 1.
930 2706 1043 2774 Vir
1073 2719 1217 2774 erat
1251 2706 1320 2773 in
1370 2705 1639 2775 civitate
1680 2706 1940 2784 Assisii,
2003 2705 2407 2773 Franciscus
2453 2704 2558 2792 (α)
2609 2705 2934 2787 nomine,
3003 2711 3214 2798 cujus

634 2795 962 2865 memoria
1016 2795 1081 2863 in
1135 2793 1610 2864 benedictione
1658 2806 1782 2874 est,
1842 2816 1961 2883 pro
2011 2816 2089 2862 eo
2137 2793 2318 2880 quod
2361 2798 2534 2861 Deus
2587 2794 2814 2883 ipsum
2860 2796 2931 2863 in
3003 2797 3210 2866 bene·

631 2884 1055 2954 dictionibus
1103 2883 1494 2953 dulcedinis
1529 2883 1825 2972 benigne
1864 2883 2331 2971 praeveniam,
2370 2895 2434 2951 et
2465 2881 2550 2950 de
2600 2886 3005 2969 praesentis
3041 2888 3210 2955 vitae

631 2972 959 3075 periculis
1007 2972 1379 3043 clementer
1439 2972 1733 3059 eripuit,
1787 2985 1850 3039 et
1900 2970 2208 3041 coelestis
2310 2970 2516 3039 ratiae
2565 2970 2766 3041 donis
2823 2973 3208 3044 affluenter

632 3061 965 3153 implevit.
1021 3062 1279 3131 Etenim
1332 3083 1491 3131 cum
1536 3061 1711 3128 inter
1754 3082 1962 3132 vanos
2011 3058 2215 3129 fuerit
2287 3059 2626 3129 lominum
2661 3058 2841 3129 filios
2889 3062 3200 3147 juvenili

631 3164 846 3222 aetate
896 3152 1197 3220 nutritus
1246 3151 1314 3218 in
1367 3150 1601 3228 vanis,
1647 3162 1712 3218 et
1764 3162 1912 3237 post
1960 3147 2330 3234 aliqualem
2387 3147 2767 3217 litterarum
2841 3152 3195 3222 notitiam.

631 3240 986 3310 lucrativis
1040 3240 1530 3307 mercationum
1584 3237 1957 3327 deputatus
2000 3236 2328 3326 negotiis.
2401 3258 2702 3325 superno
2765 3248 3011 3307 tamen
3072 3242 3194 3310 sibi

634 3329 991 3397 assistente
1042 3327 1406 3416 praesidi0‚
1463 3348 1585 3396 nec
1635 3329 1813 3396 inter
1868 3326 2155 3396 lascivos
2194 3326 2508 3415 juvenes,
2566 3327 2891 3419 quamvis
2928 3330 3200 3400 effusus

633 3417 716 3485 ad
772 3416 1050 3505 gaudia,
1110 3429 1259 3505 post
1307 3416 1534 3485 carnis
1573 3416 2018 3505 petulantiam
2058 3415 2248 3494 abiit,
2292 3437 2413 3483 nec
2450 3415 2625 3483 inter
2657 3415 2959 3506 cupidos
3023 3441 3198 3488 mer·

631 3519 916 3583 catore5‚
969 3525 1390 3591 quamquam
1445 3506 1745 3575 intentus
1803 3504 1888 3573 ad
1943 3505 2258 3583 lucrum,
2304 3504 2601 3592 speravit
2653 3504 2720 3571 in
2777 3508 3092 3593 pecunia
3143 3522 3198 3575 et
3281 3570 3282 3579 ,

633 3592 995 3663 thesauris.
1039 3598 1266 3663 Inerat
1299 3616 1594 3682 namque
1630 3594 1910 3683 Juvenis
1963 3593 2303 3661 Francisci
2360 3592 2782 3681 praecordiis
2842 3593 3197 3666 divinitus

630 3683 844 3751 indita
893 3682 1230 3769 quaedam
1275 3686 1357 3751 ad
1413 3704 1746 3771 pauperes
1799 3683 2143 3752 miseratio
2194 3679 2523 3760 liberaliS,
2566 3703 2741 3768 quae
2791 3704 3042 3753 secum
3107 3686 3192 3753 ab

628 3770 919 3840 infantia
978 3792 1340 3851 crescens,
1400 3784 1582 3840 tanta
1664 3794 1781 3841 cor
1847 3772 2065 3860 ipsius
2125 3771 2543 3860 benignitate
2609 3770 3041 3860 repleverat,
3118 3789 3192 3843 ut

618 3862 765 3951 jam
818 3859 1165 3953 Evangelii
1232 3882 1362 3928 non
1414 3859 1671 3929 surdus
1721 3860 2027 3940 auditor,
2096 3860 2284 3929 omni
2341 3874 2747 3949 proponeret
2794 3882 2868 3929 se
2921 3865 3193 3950 petenti

678 4061 703 4085 ’⁹‘
734 4059 1028 4108 Propositum
1050 4068 1075 4097 a
1096 4060 1259 4098 sancto
1279 4060 1466 4097 auctore
1486 4059 1699 4108 capitum
1719 4054 1996 4096 divisionem
2019 4057 2227 4096 indicant
2245 4057 2392 4101 tituli.
2409 4053 2582 4105 singuli
2607 4061 2660 4096 ut
2683 4054 2729 4096 in
2749 4058 3037 4099 authentico
3063 4062 3196 4099 textu

626 4114 863 4162 leguntur,
888 4112 981 4151 alio
1010 4112 1282 4152 charactere
1304 4109 1544 4159 iuscripti;
1565 4111 1728 4159 capita
1759 4120 1885 4156 vero.
1914 4111 2049 4159 juxta
2079 4110 2441 4150 commodiorem
2472 4111 2678 4149 nostram
2707 4111 3006 4155 methodum,
3051 4123 3137 4162 per
3159 4114 3199 4163 ἓξ

627 4167 1067 4268 Βη(ιι)ι()ῃῖῖιιᾘῇἒυῗῇυῐί
1098 4216 1190 4257 viri
1221 4218 1541 4267 progenitores
1578 4219 1773 4257 fuerunt
1807 4218 1972 4257 Petrus
2004 4217 2304 4261 Bernardoni.
2327 4216 2461 4255 dives
2485 4224 2747 4264 pannorum
2771 4220 3031 4261 mereator.
3058 4225 3106 4258 et
3126 4219 3200 4259 do-

624 4273 756 4312 mina
784 4274 904 4315 Pica.
934 4273 1109 4312 semina
1138 4271 1485 4316 honestissima.
1512 4271 1646 4310 ambo
1678 4269 1802 4311 inter
1830 4268 2083 4310 Asaisiates
2114 4268 2367 4319 praecipui.
2397 4270 2545 4309 «Iussu
2583 4268 2763 4313 matris.
2792 4280 2972 4311 nomen
3021 4273 3120 4312 fuit
3160 4276 3200 4311 ti

621 4326 909 4374 impositum.
938 4327 986 4365 in
1017 4327 1073 4364 ba
1111 4323 1266 4370 tiemo.
1293 4323 1500 4368 Joannis.
1530 4325 1612 4363 sed
1641 4334 1671 4363 a
1700 4326 1849 4372 patre.
1877 4329 1988 4363 tunc
2010 4325 2055 4363 in
2077 4320 2259 4364 Italiam
2282 4334 2306 4363 e
2328 4324 2528 4364 Francia
2553 4323 2793 4367 redeunte.
2814 4325 2865 4363 in
2887 4325 3201 4366 Franciecum

623 4377 715 4418 snit
743 4382 995 4423 mutatum.
1018 4390 1074 4418 ve
1123 4389 1176 4418 ex
1207 4379 1375 4427 gallico
1406 4379 1590 4423 aflectu,
1616 4387 1759 4426 quem
1796 4379 1933 4426 pater
1968 4375 2066 4427 ipae
2097 4378 2327 4424 habuerit,
2365 4379 2440 4418 vei
2481 4374 2590 4426 quia
2622 4376 2747 4416 iilius
2772 4376 3003 4427 gallicum
3026 4380 3202 4421 idioma

623 4433 839 4484 prompte
857 4434 1168 4484 expediteque
1187 4430 1353 4475 deinde
1374 4431 1605 4473 didicerit.
