3347 4999
680 227 808 290 258
1458 240 1536 286 nn
1586 240 1638 286 s.
1696 237 1960 285 PELAGIA
2008 236 2251 284 romu.
2864 219 3042 285 OCT.
3094 222 3145 284 8

593 328 661 397 in
715 324 1013 396 sublime
1064 324 1323 403 volanS,
1374 345 1660 424 prorsus
1714 345 1752 391 a
1790 343 1937 391 meo
1970 333 2342 411 conspectu
2384 320 2959 391 subduceretur.»
2989 326 3145 392 Hoc

593 416 941 484 somnium
1006 436 1163 483 cum
1217 412 1391 482 mihi
1448 424 1729 482 sanctus
1776 411 2157 501 Episcopus
2220 423 2601 491 narrasset,
2672 410 3145 499 apprehendit

594 526 728 584 me,
774 515 838 572 et
886 501 1094 571 simul
1137 501 1556 571 accessimus
1606 499 1688 568 ad
1740 522 2085 569 summam
2138 498 2375 567 aedem
2428 520 2586 568 cum
2639 500 2923 568 caeteris
2972 500 3148 589 Epi-

593 592 852 681 scopis,
907 604 972 659 et
1009 591 1160 680 ejus
1207 590 1499 660 civitatis
1548 589 1967 678 Episcopum
2020 586 2497 657 salutavimus,

589 752 602 759 „
681 683 716 768 ξ
763 687 850 751 ὅ.
905 685 1266 768 Ingressus
1314 693 1540 748 autem
1594 678 1708 746 ille
1744 678 2145 767 EpiscopuS,
2182 698 2456 746 omnem
2500 677 2834 767 populum
2880 676 3149 746 adhor-

595 782 775 841 tatus
822 782 962 837 est:
997 790 1296 855 cumque
1331 767 1668 837 sedissent
1696 766 2032 835 antistites
2068 766 2134 834 in
2175 764 2439 835 thronis
2474 766 2645 846 suis,
2679 778 2830 855 post
2853 787 3143 834 omnem

593 858 1000 927 canonicam
1063 857 1586 927 celebrationem
1653 867 1719 923 et
1776 856 1997 923 sancti
2060 853 2407 945 Evangelii
2480 853 2886 934 lectionem,
2943 854 3137 923 idem

591 947 885 1016 civitatis
935 945 1316 1035 Episcopus
1368 945 1662 1034 porrexit
1717 944 2113 1013 beatissimo
2176 948 2413 1013 Nonno
2454 958 2769 1012 sanctum
2824 948 3137 1034 Evange-

594 1035 792 1116 lium,
849 1035 1128 1103 hortans
1174 1056 1358 1114 eum,
1411 1046 1487 1104 ut
1535 1035 1737 1103 verba
1790 1033 2037 1102 faceret
2084 1031 2166 1101 ad
2207 1031 2565 1123 populum.
2621 1038 2788 1102 Tum
2830 1031 2942 1100 ille
2973 1054 3149 1122 ape·—

592 1125 774 1193 riens
824 1145 899 1192 os
960 1145 1193 1205 suum,
1251 1121 1658 1209 loquebatur
1707 1123 1820 1191 Dei
1874 1122 2306 1212 sapientiam,
2345 1142 2521 1207 quae
2570 1121 2638 1189 in
2671 1122 2822 1212 ejus
2863 1133 3139 1211 pectore

593 1212 724 1282 sibi
775 1211 1023 1281 fecerat
1061 1210 1519 1293 domicilium;
1560 1233 1683 1280 nec
1731 1212 2104 1299 quicquam
2140 1210 2291 1301 ejus
2325 1232 2550 1280 sermo
2586 1210 2926 1279 humanae
2960 1210 3142 1279 artis

594 1313 712 1371 aut
809 1301 1029 1371 hiloso
1085 1300 1221 1369 hici
1279 1298 1678 1392 supercilii,
1735 1299 1908 1368 nihil
1966 1300 2303 1369 exoticum
2374 1310 2491 1368 aut
2540 1321 3134 1388 supervacaneum

597 1390 761 1459 redo
791 1393 903 1459 ere
951 1390 1013 1458 vi
1069 1391 1343 1459 ebatur:
1380 1388 1494 1458 sed
1547 1410 1703 1458 cum
1756 1401 1930 1458 esset
1980 1389 2225 1478 plenus
2276 1388 2532 1478 Spiritu
2584 1392 2852 1467 Sancto,
2888 1410 3138 1479 argue-

592 1478 709 1549 bat
747 1493 813 1548 et
860 1478 1274 1548 admonebat
1323 1478 1615 1567 plebem,
1672 1477 2133 1548 sincerissime
2183 1477 2469 1564 loquens
2518 1476 2602 1545 de
2652 1476 2884 1546 futuro
2933 1477 3132 1566 judi-

595 1569 735 1648 ci0,
775 1580 838 1637 et
876 1568 1073 1636 bonis
1106 1566 1575 1656 sempiterniS,
1616 1588 1792 1652 quae
1829 1566 2129 1656 reposuit
2165 1570 2341 1634 Deus
2375 1566 2602 1657 ipsum
2646 1565 3129 1656 diligentibus.

593 1662 805 1725 Tanta
843 1668 1069 1724 autem
1120 1655 1248 1725 fuit
1290 1656 1387 1725 vis
1436 1668 1500 1723 et
1550 1653 1853 1723 efficacia
1906 1654 2292 1734 verborum,
2332 1675 2507 1741 quae
2545 1675 2663 1743 per
2695 1676 2852 1724 eum
2891 1654 3135 1741 loque-

596 1746 799 1814 batur
848 1745 1143 1834 Spiritus
1185 1749 1511 1823 Sanctu5‚
1561 1757 1634 1812 ut
1691 1743 1988 1833 populus
2029 1743 2201 1812 mire
2254 1754 2745 1833 compunctus,
2800 1742 3132 1812 ecclesiae

596 1834 1065 1923 pavimentum
1134 1833 1279 1902 suis
1346 1833 1669 1921 lacrymis
1739 1832 2070 1922 irrigaret.
2133 1830 2391 1900 Accidit
2444 1844 2669 1900 autem
2711 1887 2724 1913 ,
2764 1830 2999 1900 divina
3058 1832 3129 1900 id

596 1935 838 2012 agente
891 1920 1387 2001 misericordia,
1451 1935 1525 1989 ut
1572 1920 1654 1989 ad
1711 1942 1859 1989 eam
1912 1920 2267 1990 ecclesiam
2313 1920 2516 1989 etiam
2570 1921 2735 1990 haec
2777 1921 3124 2001 meretrix,

594 2010 678 2079 de
727 2032 864 2097 qua
906 2010 1051 2100 jam
1103 2009 1430 2090 diximus,
1468 2022 1533 2077 et
1587 2009 1770 2097 quod
1826 2010 2077 2079 mirum
2133 2021 2255 2088 est,
2289 2010 2433 2098 jam
2487 2009 2981 2077 catechumena
3016 2032 3132 2077 ve-

595 2100 817 2180 niret,
883 2120 1040 2167 cum
1099 2120 1452 2185 nunquam
1505 2098 1648 2168 ulla
1699 2098 1760 2166 ei
1808 2120 1976 2168 cura
2024 2097 2263 2167 fuisset
2312 2110 2744 2187 peccatorum
2806 2119 3123 2179 suorum,

595 2210 719 2258 nec
768 2209 1077 2273 unquam
1130 2186 1212 2255 ad
1269 2185 1597 2277 templum
1663 2188 2084 2257 accessisset.
2161 2191 2395 2273 Itaque
2458 2186 2685 2256 subito
2740 2186 2975 2255 divino
3025 2198 3129 2255 est

593 2290 1004 2364 compuncta
1055 2276 1319 2355 timore,
1373 2298 1530 2345 cum
1587 2288 1866 2346 sanctus
1914 2281 2196 2345 Nonnus
2243 2275 2312 2342 in
2412 2288 2635 2345 eccata
2673 2275 2910 2365 populi
2941 2275 3125 2344 inve·

592 2363 891 2444 heretur,
934 2365 1025 2433 ita
1059 2376 1134 2434 ut
1168 2364 1559 2453 desperaret
1620 2364 1704 2433 de
1761 2386 1877 2446 se,
1924 2378 1988 2433 et
2020 2365 2332 2455 copiosos
2390 2385 2827 2453 acrymarum
2866 2364 3126 2433 imbres

591 2474 670 2522 ex
712 2453 858 2522 suis
891 2451 1206 2524 funderet
1252 2453 1495 2535 oculiS,
1537 2476 1658 2523 nec
1693 2452 1836 2523 ullo
1873 2453 2076 2524 modo
2120 2453 2247 2523 sibi
2299 2474 2336 2521 a
2382 2451 2702 2543 lacrymis
2748 2464 3125 2545 temperare

595 2555 842 2632 posset.
881 2548 1029 2611 Mox
1059 2565 1214 2612 vero
1250 2544 1594 2633 praecepit
1624 2543 1899 2614 duobus
1931 2543 2161 2634 pueris
2188 2543 2355 2624 suiS,
2394 2556 2470 2614 ut
2500 2564 2578 2613 eo
2609 2544 2674 2611 in
2712 2542 2856 2612 loco
2890 2564 3126 2633 exspe-

590 2641 874 2711 ctarent,
913 2631 1130 2701 donec
1161 2632 1596 2723 egrederetur
1628 2644 1908 2704 sanctus
1943 2638 2222 2703 Nonnus
2255 2631 2645 2721 episcopuS,
2676 2653 2972 2720 eumque
3003 2632 3125 2701 ab·

589 2733 862 2790 euntem
889 2735 1362 2808 sequerentur,
1403 2721 1840 2808 viderentque
1873 2743 2009 2809 quo
2042 2721 2422 2802 diverteret,
2463 2720 2670 2807 idque
2704 2721 2834 2810 ipsi
2874 2742 3124 2790 renun-

589 2810 871 2878 ciarent.
914 2815 1243 2879 Fecerunt
1275 2811 1491 2900 pueri,
1519 2810 1699 2896 quod
1741 2810 1898 2880 hera
1928 2810 2265 2897 jusserat;
2303 2831 2563 2896 nosque
2597 2811 3117 2897 subsequentes,

589 2901 832 2966 venere
882 2899 1242 2969 nobiscum
1300 2899 1364 2966 in
1418 2899 1774 2968 basilicam
1826 2898 2204 2968 beatissimi
2257 2899 2577 2988 martyris
2635 2899 2889 2969 Juliani
2925 2953 2939 2979 ,
2999 2898 3120 2968 ubi

587 2987 789 3056 nobis
825 2985 1199 3078 hospitium
1238 2987 1377 3056 sive
1426 2986 1671 3056 cellula
1722 3000 1887 3056 erat.
1942 2987 2108 3056 Inde
2156 3000 2381 3056 autern
2442 2990 2697 3077 egressi
2730 3044 2745 3064 ,
2803 2988 3123 3057 abierunt

588 3075 669 3145 ad
716 3075 948 3145 heram
1003 3099 1227 3156 suam,
1270 3076 1802 3162 indicaruntque
1849 3076 1948 3156 ei,
2013 3081 2328 3147 Nonnum
2372 3077 2769 3167 episcopum
2824 3077 2891 3144 in
2940 3075 3122 3144 beati

585 3163 845 3232 Juliani
899 3178 1072 3234 mart
1127 3165 1219 3234 ris
1259 3165 1544 3234 basilica
1579 3185 1891 3238 manere.

678 3253 713 3337 ἓ
761 3256 854 3323 Β.
892 3253 966 3321 ld
1018 3254 1062 3321 il
1096 3276 1136 3322 a
1170 3254 1483 3336 audiens,
1543 3275 1697 3322 mox
1740 3275 1861 3344 per
1905 3253 2176 3323 eosdem
2216 3277 2465 3345 pueros
2500 3254 2756 3325 litteras
2792 3253 2994 3323 mittit
3025 3251 3116 3320 ad

590 3340 1034 3430 Episcopum,
1085 3343 1268 3412 hunc
1305 3343 1372 3413 in
1411 3341 1691 3411 modurn
1730 3342 2055 3433 scriptas:
2095 3367 2130 3410 «
2168 3348 2412 3413 Sancto
2446 3342 2788 3433 discipulo
2839 3341 3111 3422 Christi,

590 3428 929 3518 peccatrix
977 3442 1041 3499 et
1080 3430 1423 3521 discipula
1463 3431 1743 3501 diaboli.
1781 3432 2023 3502 Audivi
2056 3432 2140 3502 de
2175 3437 2304 3501 Deo
2338 3445 2477 3514 tuo,
2528 3431 2709 3519 quod
2755 3431 2972 3501 coelos
3004 3430 3116 3498 in-

587 3516 881 3597 clinanS‚
936 3517 1365 3589 descenderit
1414 3521 1480 3588 in
1534 3533 1770 3602 terras,
1826 3543 1957 3591 non
2062 3535 2287 3613 ropter
2323 3521 2572 3610 justos,
2608 3520 2724 3590 sed
2761 3534 2836 3590 ut
2875 3541 3115 3610 pecca-

588 3618 764 3677 tores
812 3604 1063 3677 faceret
1101 3608 1363 3689 salvos;
1416 3632 1636 3698 usque
1683 3609 1853 3680 adeo
1900 3633 1971 3680 se
2074 3609 2422 3690 umilianS,
2460 3621 2536 3677 ut
2578 3609 2966 3699 publicanis
3020 3607 3121 3676 fa-

587 3694 946 3766 miliariter
993 3719 1065 3767 se
1113 3698 1549 3789 adjunxerit,
1594 3711 1658 3767 et
1722 3698 1802 3779 is,
1850 3699 1918 3767 in
1969 3720 2171 3787 quem
2243 3697 2608 3768 Cherubim
2662 3719 2795 3768 non
2863 3697 3118 3767 audent

587 3785 948 3873 respicere,
994 3810 1150 3857 cum
1206 3787 1678 3877 peccatoribus
1714 3800 2020 3858 versatus
2054 3787 2160 3857 sit.
2209 3792 2286 3856 Et
2327 3799 2436 3868 tu,
2481 3787 2574 3855 mi
2626 3786 2929 3868 domine,
2998 3788 3115 3873 qui

586 3872 800 3942 multa
858 3897 929 3946 es
980 3875 1332 3966 praeditus
1397 3875 1795 3957 sanctitate,
1852 3876 2123 3946 tametsi
2170 3875 2517 3965 corporeis
2564 3876 2784 3946 oculis
2835 3897 2970 3944 non
3020 3878 3121 3946 vi-

583 3961 744 4030 disti
785 3964 1171 4047 Christum,
1211 3965 1331 4054 qui
1374 3964 1473 4035 illi
1528 3965 1868 4035 meretrici
1911 3963 2379 4035 Samaritanae
2412 3987 2485 4035 se
2522 3964 3111 4036 humanissimum

583 4050 893 4121 exhibuit
940 4055 1123 4144 apud
1169 4067 1449 4144 puteum
1485 4077 1498 4121 :
1538 4066 1606 4123 at
1656 4067 1879 4124 tamen
1932 4076 2134 4125 verus
2170 4053 2360 4125 illius
2395 4055 2618 4125 cultor
2655 4076 2751 4135 es,
2785 4056 3113 4141 quemad-

581 4139 867 4210 modum
920 4164 959 4211 a
1008 4144 1413 4213 Christianis
1476 4144 1733 4232 accepi.
1787 4143 1978 4227 Quod
2047 4143 2104 4212 si
2160 4143 2254 4213 ita
2301 4157 2447 4227 est,
2501 4156 2566 4213 et
2621 4142 2813 4214 illius
2868 4142 3113 4214 Christi

580 4249 786 4299 verus
824 4229 1211 4322 discipulus
1242 4255 1315 4303 es
1345 4288 1360 4315 ‚
1402 4254 1535 4303 non
1598 4254 1708 4303 me
1755 4232 2119 4324 despiciaS,
2168 4255 2291 4324 per
2339 4246 2401 4304 te
2448 4233 2840 4323 cupientem
2883 4232 3115 4302 venire

582 4321 662 4388 ad
699 4334 1141 4410 conspectum
1183 4323 1571 4406 SalvatoriS,
1616 4333 1682 4395 et
1715 4322 1904 4394 illius
1944 4323 2453 4396 sanctissimam
2487 4321 2729 4392 faciem
2783 4321 3119 4391 intueri.»
