<?xml version="1.0" encoding="UTF-8"?>
<!DOCTYPE html PUBLIC "-//W3C//DTD XHTML 1.0 Transitional//EN"
    "http://www.w3.org/TR/xhtml1/DTD/xhtml1-transitional.dtd">
<html xmlns="http://www.w3.org/1999/xhtml" xml:lang="en" lang="en">
 <head>
  <title>
</title>
<meta http-equiv="Content-Type" content="text/html;charset=utf-8" />
  <meta name='ocr-system' content='tesseract 3.04.00' />
  <meta name='ocr-capabilities' content='ocr_page ocr_carea ocr_par ocr_line ocrx_word'/>
</head>
<body>
  <div class='ocr_page' id='page_1' title='image "./historiaeseuvit03lippgoog_0663.png"; bbox 0 0 3347 4999; ppageno 0'>
   <div class='ocr_carea' id='block_1_1' title="bbox 139 329 2629 396">
    <p class='ocr_par' dir='ltr' id='par_1_1' title="bbox 139 329 2629 396">
     <span class='ocr_line' id='line_1_1' title="bbox 139 329 2629 396; baseline -0 0"><span class='ocrx_word' id='word_1_1' title='bbox 139 329 342 396; x_wconf 86' lang='lat' dir='ltr'><strong>OCT.</strong></span> <span class='ocrx_word' id='word_1_2' title='bbox 398 330 480 394; x_wconf 71' lang='lat'><strong>⁴9</strong></span> <span class='ocrx_word' id='word_1_3' title='bbox 840 347 918 393; x_wconf 71' lang='lat' dir='ltr'><strong>nn</strong></span> <span class='ocrx_word' id='word_1_4' title='bbox 967 346 1023 393; x_wconf 92' lang='lat' dir='ltr'><strong>s.</strong></span> <span class='ocrx_word' id='word_1_5' title='bbox 1076 344 1273 393; x_wconf 69' lang='lat' dir='ltr'><strong>paruo</strong></span> <span class='ocrx_word' id='word_1_6' title='bbox 1319 346 1398 392; x_wconf 73' lang='lat' dir='ltr'><strong>na</strong></span> <span class='ocrx_word' id='word_1_7' title='bbox 1445 344 1814 393; x_wconf 68' lang='lat' dir='ltr'><strong>ALcANrAnA</strong></span> <span class='ocrx_word' id='word_1_8' title='bbox 1863 344 2048 393; x_wconf 64' lang='lat' dir='ltr'><strong>conr.</strong></span> <span class='ocrx_word' id='word_1_9' title='bbox 2501 330 2629 395; x_wconf 76' lang='lat'><strong>549</strong></span> 
     </span>
    </p>
   </div>
   <div class='ocr_carea' id='block_1_2' title="bbox 137 429 2727 4515">
    <p class='ocr_par' dir='ltr' id='par_1_2' title="bbox 137 429 2725 1855">
     <span class='ocr_line' id='line_1_2' title="bbox 137 429 2714 522; baseline 0 -21"><span class='ocrx_word' id='word_1_10' title='bbox 137 433 420 522; x_wconf 79' lang='lat' dir='ltr'><strong>frigora</strong></span> <span class='ocrx_word' id='word_1_11' title='bbox 473 429 910 520; x_wconf 88' lang='lat' dir='ltr'><strong>suscipiens;</strong></span> <span class='ocrx_word' id='word_1_12' title='bbox 975 430 1071 499; x_wconf 84' lang='lat' dir='ltr'><strong>ita</strong></span> <span class='ocrx_word' id='word_1_13' title='bbox 1120 441 1221 510; x_wconf 88' lang='lat' dir='ltr'><strong>ut,</strong></span> <span class='ocrx_word' id='word_1_14' title='bbox 1274 452 1434 499; x_wconf 88' lang='lat' dir='ltr'><strong>cum</strong></span> <span class='ocrx_word' id='word_1_15' title='bbox 1488 429 1756 499; x_wconf 91' lang='lat' dir='ltr'><strong>nudum</strong></span> <span class='ocrx_word' id='word_1_16' title='bbox 1809 443 2018 519; x_wconf 90' lang='lat' dir='ltr'><strong>caput</strong></span> <span class='ocrx_word' id='word_1_17' title='bbox 2069 430 2413 501; x_wconf 83' lang='lat' dir='ltr'><strong>imbribus</strong></span> <span class='ocrx_word' id='word_1_18' title='bbox 2461 444 2525 502; x_wconf 92' lang='lat' dir='ltr'><strong>et</strong></span> <span class='ocrx_word' id='word_1_19' title='bbox 2576 434 2714 502; x_wconf 86' lang='lat' dir='ltr'><strong>nivi</strong></span> 
     </span>
     <span class='ocr_line' id='line_1_3' title="bbox 140 517 2724 610; baseline 0 -19"><span class='ocrx_word' id='word_1_20' title='bbox 140 532 553 610; x_wconf 84' lang='lat' dir='ltr'><strong>exponeret,</strong></span> <span class='ocrx_word' id='word_1_21' title='bbox 608 520 954 590; x_wconf 89' lang='lat' dir='ltr'><strong>interdum</strong></span> <span class='ocrx_word' id='word_1_22' title='bbox 1009 520 1245 608; x_wconf 90' lang='lat' dir='ltr'><strong>capilli</strong></span> <span class='ocrx_word' id='word_1_23' title='bbox 1289 517 1449 610; x_wconf 89' lang='lat' dir='ltr'><strong>gelu</strong></span> <span class='ocrx_word' id='word_1_24' title='bbox 1496 519 1797 588; x_wconf 82' lang='lat' dir='ltr'><strong>concreti</strong></span> <span class='ocrx_word' id='word_1_25' title='bbox 1849 519 2289 599; x_wconf 83' lang='lat' dir='ltr'><strong>deciderent,</strong></span> <span class='ocrx_word' id='word_1_26' title='bbox 2358 534 2421 590; x_wconf 88' lang='lat' dir='ltr'><strong>et</strong></span> <span class='ocrx_word' id='word_1_27' title='bbox 2469 536 2724 593; x_wconf 78' lang='lat' dir='ltr'><strong>aestate</strong></span> 
     </span>
     <span class='ocr_line' id='line_1_4' title="bbox 142 608 2720 701; baseline 0 -21"><span class='ocrx_word' id='word_1_28' title='bbox 142 609 595 701; x_wconf 76' lang='lat' dir='ltr'><strong>praefervida</strong></span> <span class='ocrx_word' id='word_1_29' title='bbox 641 609 1090 677; x_wconf 87' lang='lat' dir='ltr'><strong>exurentibus</strong></span> <span class='ocrx_word' id='word_1_30' title='bbox 1150 608 1317 676; x_wconf 90' lang='lat' dir='ltr'><strong>solis</strong></span> <span class='ocrx_word' id='word_1_31' title='bbox 1370 608 1586 676; x_wconf 88' lang='lat' dir='ltr'><strong>radiis</strong></span> <span class='ocrx_word' id='word_1_32' title='bbox 1633 609 1860 697; x_wconf 90' lang='lat' dir='ltr'><strong>capite</strong></span> <span class='ocrx_word' id='word_1_33' title='bbox 1908 608 2512 679; x_wconf 87' lang='lat' dir='ltr'><strong>vehementissime</strong></span> <span class='ocrx_word' id='word_1_34' title='bbox 2547 612 2720 680; x_wconf 76' lang='lat' dir='ltr'><strong>‘cru-</strong></span> 
     </span>
     <span class='ocr_line' id='line_1_5' title="bbox 144 697 2714 787; baseline 0 -18"><span class='ocrx_word' id='word_1_35' title='bbox 144 700 512 779; x_wconf 83' lang='lat' dir='ltr'><strong>ciaretur3</strong></span> <span class='ocrx_word' id='word_1_36' title='bbox 552 697 967 786; x_wconf 88' lang='lat' dir='ltr'><strong>respondere</strong></span> <span class='ocrx_word' id='word_1_37' title='bbox 1001 697 1246 766; x_wconf 89' lang='lat' dir='ltr'><strong>solitus</strong></span> <span class='ocrx_word' id='word_1_38' title='bbox 1309 697 1897 787; x_wconf 84' lang='lat' dir='ltr'><strong>interrogantibus</strong></span> <span class='ocrx_word' id='word_1_39' title='bbox 1954 721 2102 778; x_wconf 89' lang='lat' dir='ltr'><strong>cur,</strong></span> <span class='ocrx_word' id='word_1_40' title='bbox 2142 697 2408 767; x_wconf 88' lang='lat' dir='ltr'><strong>detecto</strong></span> <span class='ocrx_word' id='word_1_41' title='bbox 2467 701 2714 787; x_wconf 89' lang='lat' dir='ltr'><strong>capite,</strong></span> 
     </span>
     <span class='ocr_line' id='line_1_6' title="bbox 150 787 2716 878; baseline -0.002 -20"><span class='ocrx_word' id='word_1_42' title='bbox 150 810 445 878; x_wconf 85' lang='lat' dir='ltr'><strong>semper</strong></span> <span class='ocrx_word' id='word_1_43' title='bbox 503 787 883 857; x_wconf 80' lang='lat' dir='ltr'><strong>incederet:</strong></span> <span class='ocrx_word' id='word_1_44' title='bbox 949 789 1142 875; x_wconf 74' lang='lat' dir='ltr'><strong>nefas</strong></span> <span class='ocrx_word' id='word_1_45' title='bbox 1192 808 1329 855; x_wconf 83' lang='lat' dir='ltr'><strong>esse</strong></span> <span class='ocrx_word' id='word_1_46' title='bbox 1378 808 1601 855; x_wconf 83' lang='lat' dir='ltr'><strong>coram</strong></span> <span class='ocrx_word' id='word_1_47' title='bbox 1654 791 1787 855; x_wconf 86' lang='lat' dir='ltr'><strong>Deo</strong></span> <span class='ocrx_word' id='word_1_48' title='bbox 1838 797 2002 855; x_wconf 80' lang='lat' dir='ltr'><strong>tecto</strong></span> <span class='ocrx_word' id='word_1_49' title='bbox 2070 789 2289 877; x_wconf 80' lang='lat' dir='ltr'><strong>capite</strong></span> <span class='ocrx_word' id='word_1_50' title='bbox 2341 789 2716 857; x_wconf 82' lang='lat' dir='ltr'><strong>ambulare.</strong></span> 
     </span>
     <span class='ocr_line' id='line_1_7' title="bbox 150 875 2723 966; baseline -0.001 -19"><span class='ocrx_word' id='word_1_51' title='bbox 150 882 337 947; x_wconf 86' lang='lat' dir='ltr'><strong>Cum</strong></span> <span class='ocrx_word' id='word_1_52' title='bbox 390 887 728 945; x_wconf 86' lang='lat' dir='ltr'><strong>vetustum</strong></span> <span class='ocrx_word' id='word_1_53' title='bbox 767 898 845 944; x_wconf 92' lang='lat' dir='ltr'><strong>ac</strong></span> <span class='ocrx_word' id='word_1_54' title='bbox 876 875 1077 943; x_wconf 89' lang='lat' dir='ltr'><strong>vilem</strong></span> <span class='ocrx_word' id='word_1_55' title='bbox 1121 896 1397 944; x_wconf 90' lang='lat' dir='ltr'><strong>saccum</strong></span> <span class='ocrx_word' id='word_1_56' title='bbox 1435 875 1783 956; x_wconf 86' lang='lat' dir='ltr'><strong>abluebat,</strong></span> <span class='ocrx_word' id='word_1_57' title='bbox 1824 875 2183 944; x_wconf 89' lang='lat' dir='ltr'><strong>madidum</strong></span> <span class='ocrx_word' id='word_1_58' title='bbox 2220 876 2491 964; x_wconf 81' lang='lat' dir='ltr'><strong>corpori</strong></span> <span class='ocrx_word' id='word_1_59' title='bbox 2525 889 2723 966; x_wconf 86' lang='lat' dir='ltr'><strong>apta-</strong></span> 
     </span>
     <span class='ocr_line' id='line_1_8' title="bbox 148 963 2711 1055; baseline -0 -20"><span class='ocrx_word' id='word_1_60' title='bbox 148 966 304 1044; x_wconf 86' lang='lat' dir='ltr'><strong>bat,</strong></span> <span class='ocrx_word' id='word_1_61' title='bbox 369 966 536 1052; x_wconf 89' lang='lat' dir='ltr'><strong>quin</strong></span> <span class='ocrx_word' id='word_1_62' title='bbox 586 965 792 1033; x_wconf 91' lang='lat' dir='ltr'><strong>etiam</strong></span> <span class='ocrx_word' id='word_1_63' title='bbox 842 964 913 1032; x_wconf 89' lang='lat' dir='ltr'><strong>in</strong></span> <span class='ocrx_word' id='word_1_64' title='bbox 966 963 1262 1051; x_wconf 79' lang='lat' dir='ltr'><strong>gelidam</strong></span> <span class='ocrx_word' id='word_1_65' title='bbox 1316 985 1565 1050; x_wconf 91' lang='lat' dir='ltr'><strong>aquam</strong></span> <span class='ocrx_word' id='word_1_66' title='bbox 1620 965 1884 1054; x_wconf 83' lang='lat' dir='ltr'><strong>rigente</strong></span> <span class='ocrx_word' id='word_1_67' title='bbox 1932 964 2159 1033; x_wconf 90' lang='lat' dir='ltr'><strong>hieme</strong></span> <span class='ocrx_word' id='word_1_68' title='bbox 2207 987 2354 1034; x_wconf 89' lang='lat' dir='ltr'><strong>sese</strong></span> <span class='ocrx_word' id='word_1_69' title='bbox 2406 965 2711 1055; x_wconf 90' lang='lat' dir='ltr'><strong>plerum-</strong></span> 
     </span>
     <span class='ocr_line' id='line_1_9' title="bbox 154 1052 2716 1142; baseline -0 -19"><span class='ocrx_word' id='word_1_70' title='bbox 154 1077 301 1142; x_wconf 85' lang='lat' dir='ltr'><strong>que</strong></span> <span class='ocrx_word' id='word_1_71' title='bbox 356 1055 731 1140; x_wconf 79' lang='lat' dir='ltr'><strong>injiciebat.</strong></span> <span class='ocrx_word' id='word_1_72' title='bbox 788 1058 1055 1122; x_wconf 86' lang='lat' dir='ltr'><strong>Praeter</strong></span> <span class='ocrx_word' id='word_1_73' title='bbox 1102 1053 1296 1131; x_wconf 89' lang='lat' dir='ltr'><strong>haec,</strong></span> <span class='ocrx_word' id='word_1_74' title='bbox 1336 1052 1678 1122; x_wconf 87' lang='lat' dir='ltr'><strong>familiare</strong></span> <span class='ocrx_word' id='word_1_75' title='bbox 1726 1052 1830 1121; x_wconf 89' lang='lat' dir='ltr'><strong>illi</strong></span> <span class='ocrx_word' id='word_1_76' title='bbox 1877 1067 2069 1137; x_wconf 87' lang='lat' dir='ltr'><strong>erat,</strong></span> <span class='ocrx_word' id='word_1_77' title='bbox 2121 1054 2346 1123; x_wconf 89' lang='lat' dir='ltr'><strong>hieme</strong></span> <span class='ocrx_word' id='word_1_78' title='bbox 2414 1056 2716 1135; x_wconf 73' lang='lat' dir='ltr'><strong>summa,</strong></span> 
     </span>
     <span class='ocr_line' id='line_1_10' title="bbox 152 1141 2716 1242; baseline 0 -29"><span class='ocrx_word' id='word_1_79' title='bbox 152 1157 461 1234; x_wconf 89' lang='lat' dir='ltr'><strong>urgente</strong></span> <span class='ocrx_word' id='word_1_80' title='bbox 510 1143 687 1211; x_wconf 85' lang='lat' dir='ltr'><strong>nivis</strong></span> <span class='ocrx_word' id='word_1_81' title='bbox 726 1142 1003 1242; x_wconf 82' lang='lat' dir='ltr'><strong>frigore,</strong></span> <span class='ocrx_word' id='word_1_82' title='bbox 1050 1141 1360 1230; x_wconf 85' lang='lat' dir='ltr'><strong>deposito</strong></span> <span class='ocrx_word' id='word_1_83' title='bbox 1416 1142 1646 1231; x_wconf 82' lang='lat' dir='ltr'><strong>pallio,</strong></span> <span class='ocrx_word' id='word_1_84' title='bbox 1686 1141 2053 1211; x_wconf 79' lang='lat' dir='ltr'><strong>fenestram</strong></span> <span class='ocrx_word' id='word_1_85' title='bbox 2084 1144 2466 1229; x_wconf 88' lang='lat' dir='ltr'><strong>etjanuam</strong></span> <span class='ocrx_word' id='word_1_86' title='bbox 2500 1143 2716 1213; x_wconf 90' lang='lat' dir='ltr'><strong>cellae</strong></span> 
     </span>
     <span class='ocr_line' id='line_1_11' title="bbox 157 1231 2724 1320; baseline 0 -19"><span class='ocrx_word' id='word_1_87' title='bbox 157 1254 501 1310; x_wconf 87' lang='lat' dir='ltr'><strong>reserare,</strong></span> <span class='ocrx_word' id='word_1_88' title='bbox 546 1245 644 1311; x_wconf 89' lang='lat' dir='ltr'><strong>ut,</strong></span> <span class='ocrx_word' id='word_1_89' title='bbox 692 1231 1144 1319; x_wconf 81' lang='lat' dir='ltr'><strong>frigidissimo</strong></span> <span class='ocrx_word' id='word_1_90' title='bbox 1175 1243 1455 1319; x_wconf 86' lang='lat' dir='ltr'><strong>excepto</strong></span> <span class='ocrx_word' id='word_1_91' title='bbox 1494 1234 1649 1300; x_wconf 71' lang='lat' dir='ltr'><strong>aere</strong></span> <span class='ocrx_word' id='word_1_92' title='bbox 1682 1245 1746 1299; x_wconf 89' lang='lat' dir='ltr'><strong>et</strong></span> <span class='ocrx_word' id='word_1_93' title='bbox 1778 1231 1962 1320; x_wconf 90' lang='lat' dir='ltr'><strong>gelu,</strong></span> <span class='ocrx_word' id='word_1_94' title='bbox 2007 1232 2239 1302; x_wconf 90' lang='lat' dir='ltr'><strong>acrius</strong></span> <span class='ocrx_word' id='word_1_95' title='bbox 2293 1245 2724 1318; x_wconf 86' lang='lat' dir='ltr'><strong>torqueretur</strong></span> 
     </span>
     <span class='ocr_line' id='line_1_12' title="bbox 160 1319 2715 1400; baseline 0 -11"><span class='ocrx_word' id='word_1_96' title='bbox 160 1343 357 1400; x_wconf 77' lang='lat' dir='ltr'><strong>cam,</strong></span> <span class='ocrx_word' id='word_1_97' title='bbox 404 1342 560 1388; x_wconf 84' lang='lat' dir='ltr'><strong>mox</strong></span> <span class='ocrx_word' id='word_1_98' title='bbox 593 1319 950 1389; x_wconf 85' lang='lat' dir='ltr'><strong>eximenda</strong></span> <span class='ocrx_word' id='word_1_99' title='bbox 1002 1320 1174 1389; x_wconf 89' lang='lat' dir='ltr'><strong>diris</strong></span> <span class='ocrx_word' id='word_1_100' title='bbox 1221 1320 1670 1399; x_wconf 78' lang='lat' dir='ltr'><strong>cruciatibuS,</strong></span> <span class='ocrx_word' id='word_1_101' title='bbox 1725 1343 1882 1388; x_wconf 91' lang='lat' dir='ltr'><strong>cum</strong></span> <span class='ocrx_word' id='word_1_102' title='bbox 1937 1320 2298 1391; x_wconf 86' lang='lat' dir='ltr'><strong>fenestram</strong></span> <span class='ocrx_word' id='word_1_103' title='bbox 2351 1322 2715 1391; x_wconf 83' lang='lat' dir='ltr'><strong>clausisset</strong></span> 
     </span>
     <span class='ocr_line' id='line_1_13' title="bbox 162 1407 2716 1499; baseline 0 -21"><span class='ocrx_word' id='word_1_104' title='bbox 162 1423 235 1478; x_wconf 89' lang='lat' dir='ltr'><strong>et</strong></span> <span class='ocrx_word' id='word_1_105' title='bbox 274 1411 596 1499; x_wconf 88' lang='lat' dir='ltr'><strong>januam.</strong></span> <span class='ocrx_word' id='word_1_106' title='bbox 650 1415 741 1477; x_wconf 93' lang='lat' dir='ltr'><strong>Eo</strong></span> <span class='ocrx_word' id='word_1_107' title='bbox 789 1407 1063 1477; x_wconf 90' lang='lat' dir='ltr'><strong>devenit</strong></span> <span class='ocrx_word' id='word_1_108' title='bbox 1109 1409 1238 1477; x_wconf 90' lang='lat' dir='ltr'><strong>hac</strong></span> <span class='ocrx_word' id='word_1_109' title='bbox 1304 1413 1505 1478; x_wconf 75' lang='lat' dir='ltr'><strong>saeva</strong></span> <span class='ocrx_word' id='word_1_110' title='bbox 1555 1409 2012 1478; x_wconf 86' lang='lat' dir='ltr'><strong>maceratione</strong></span> <span class='ocrx_word' id='word_1_111' title='bbox 2064 1410 2560 1491; x_wconf 85' lang='lat' dir='ltr'><strong>membrorum,</strong></span> <span class='ocrx_word' id='word_1_112' title='bbox 2614 1423 2716 1492; x_wconf 83' lang='lat' dir='ltr'><strong>ut,</strong></span> 
     </span>
     <span class='ocr_line' id='line_1_14' title="bbox 163 1497 2723 1587; baseline 0 -20"><span class='ocrx_word' id='word_1_113' title='bbox 163 1521 249 1568; x_wconf 86' lang='lat' dir='ltr'><strong>ex</strong></span> <span class='ocrx_word' id='word_1_114' title='bbox 305 1498 697 1566; x_wconf 89' lang='lat' dir='ltr'><strong>narratione</strong></span> <span class='ocrx_word' id='word_1_115' title='bbox 745 1510 1023 1567; x_wconf 87' lang='lat' dir='ltr'><strong>sanctae</strong></span> <span class='ocrx_word' id='word_1_116' title='bbox 1070 1497 1378 1565; x_wconf 88' lang='lat' dir='ltr'><strong>Teresiae</strong></span> <span class='ocrx_word' id='word_1_117' title='bbox 1415 1552 1430 1577; x_wconf 89' lang='lat'><strong>,</strong></span> <span class='ocrx_word' id='word_1_118' title='bbox 1484 1499 1681 1566; x_wconf 90' lang='lat' dir='ltr'><strong>arido</strong></span> <span class='ocrx_word' id='word_1_119' title='bbox 1729 1510 1792 1565; x_wconf 89' lang='lat' dir='ltr'><strong>et</strong></span> <span class='ocrx_word' id='word_1_120' title='bbox 1840 1499 2136 1587; x_wconf 85' lang='lat' dir='ltr'><strong>exangui</strong></span> <span class='ocrx_word' id='word_1_121' title='bbox 2188 1520 2472 1587; x_wconf 89' lang='lat' dir='ltr'><strong>corpore</strong></span> <span class='ocrx_word' id='word_1_122' title='bbox 2537 1499 2723 1567; x_wconf 87' lang='lat' dir='ltr'><strong>radi-</strong></span> 
     </span>
     <span class='ocr_line' id='line_1_15' title="bbox 164 1586 2725 1675; baseline -0.001 -18"><span class='ocrx_word' id='word_1_123' title='bbox 164 1609 333 1657; x_wconf 86' lang='lat' dir='ltr'><strong>cum</strong></span> <span class='ocrx_word' id='word_1_124' title='bbox 365 1586 632 1655; x_wconf 88' lang='lat' dir='ltr'><strong>arboris</strong></span> <span class='ocrx_word' id='word_1_125' title='bbox 666 1587 961 1675; x_wconf 88' lang='lat' dir='ltr'><strong>speciem</strong></span> <span class='ocrx_word' id='word_1_126' title='bbox 1000 1586 1427 1665; x_wconf 56' lang='lat' dir='ltr'><strong>exhibuerim</strong></span> <span class='ocrx_word' id='word_1_127' title='bbox 1459 1588 1682 1656; x_wconf 91' lang='lat' dir='ltr'><strong>oculis</strong></span> <span class='ocrx_word' id='word_1_128' title='bbox 1715 1599 1940 1654; x_wconf 88' lang='lat' dir='ltr'><strong>autem</strong></span> <span class='ocrx_word' id='word_1_129' title='bbox 1980 1587 2048 1653; x_wconf 91' lang='lat' dir='ltr'><strong>in</strong></span> <span class='ocrx_word' id='word_1_130' title='bbox 2086 1608 2358 1655; x_wconf 84' lang='lat' dir='ltr'><strong>caveam</strong></span> <span class='ocrx_word' id='word_1_131' title='bbox 2407 1588 2725 1656; x_wconf 84' lang='lat' dir='ltr'><strong>receden-</strong></span> 
     </span>
     <span class='ocr_line' id='line_1_16' title="bbox 165 1674 2721 1765; baseline 0 -21"><span class='ocrx_word' id='word_1_132' title='bbox 165 1677 408 1755; x_wconf 82' lang='lat' dir='ltr'><strong>tibus,</strong></span> <span class='ocrx_word' id='word_1_133' title='bbox 464 1691 528 1743; x_wconf 90' lang='lat' dir='ltr'><strong>et</strong></span> <span class='ocrx_word' id='word_1_134' title='bbox 577 1675 864 1744; x_wconf 88' lang='lat' dir='ltr'><strong>sulcatis</strong></span> <span class='ocrx_word' id='word_1_135' title='bbox 927 1689 1253 1764; x_wconf 86' lang='lat' dir='ltr'><strong>perpetuo</strong></span> <span class='ocrx_word' id='word_1_136' title='bbox 1303 1674 1769 1764; x_wconf 89' lang='lat' dir='ltr'><strong>lacrymarum</strong></span> <span class='ocrx_word' id='word_1_137' title='bbox 1822 1675 2043 1745; x_wconf 88' lang='lat' dir='ltr'><strong>imbre</strong></span> <span class='ocrx_word' id='word_1_138' title='bbox 2093 1675 2291 1765; x_wconf 88' lang='lat' dir='ltr'><strong>genis</strong></span> <span class='ocrx_word' id='word_1_139' title='bbox 2325 1729 2344 1755; x_wconf 90' lang='lat'><strong>,</strong></span> <span class='ocrx_word' id='word_1_140' title='bbox 2403 1675 2721 1745; x_wconf 87' lang='lat' dir='ltr'><strong>mirabile</strong></span> 
     </span>
     <span class='ocr_line' id='line_1_17' title="bbox 169 1763 1530 1855; baseline -0.001 -21"><span class='ocrx_word' id='word_1_141' title='bbox 169 1765 638 1855; x_wconf 89' lang='lat' dir='ltr'><strong>poenitentiae</strong></span> <span class='ocrx_word' id='word_1_142' title='bbox 675 1763 1124 1832; x_wconf 85' lang='lat' dir='ltr'><strong>simulacrum</strong></span> <span class='ocrx_word' id='word_1_143' title='bbox 1163 1763 1530 1833; x_wconf 89' lang='lat' dir='ltr'><strong>videretur.</strong></span> 
     </span>
    </p>

    <p class='ocr_par' dir='ltr' id='par_1_3' title="bbox 168 1851 2727 3095">
     <span class='ocr_line' id='line_1_18' title="bbox 266 1851 2727 1943; baseline 0 -20"><span class='ocrx_word' id='word_1_144' title='bbox 266 1857 303 1940; x_wconf 65' lang='grc' dir='ltr'>ξ</span> <span class='ocrx_word' id='word_1_145' title='bbox 335 1858 427 1923; x_wconf 71' lang='grc' dir='ltr'><strong>(Ι.</strong></span> <span class='ocrx_word' id='word_1_146' title='bbox 461 1859 555 1921; x_wconf 79' lang='lat' dir='ltr'><strong>Ex</strong></span> <span class='ocrx_word' id='word_1_147' title='bbox 595 1852 724 1921; x_wconf 91' lang='lat' dir='ltr'><strong>hac</strong></span> <span class='ocrx_word' id='word_1_148' title='bbox 758 1853 1006 1921; x_wconf 74' lang='lat' dir='ltr'><strong>eximia</strong></span> <span class='ocrx_word' id='word_1_149' title='bbox 1037 1852 1210 1921; x_wconf 87' lang='lat' dir='ltr'><strong>vitae</strong></span> <span class='ocrx_word' id='word_1_150' title='bbox 1236 1854 1592 1921; x_wconf 87' lang='lat' dir='ltr'><strong>sanctitate</strong></span> <span class='ocrx_word' id='word_1_151' title='bbox 1619 1852 1797 1921; x_wconf 91' lang='lat' dir='ltr'><strong>vires</strong></span> <span class='ocrx_word' id='word_1_152' title='bbox 1828 1851 2057 1921; x_wconf 85' lang='lat' dir='ltr'><strong>bausit</strong></span> <span class='ocrx_word' id='word_1_153' title='bbox 2084 1853 2168 1921; x_wconf 91' lang='lat' dir='ltr'><strong>ad</strong></span> <span class='ocrx_word' id='word_1_154' title='bbox 2205 1853 2481 1943; x_wconf 87' lang='lat' dir='ltr'><strong>egregia</strong></span> <span class='ocrx_word' id='word_1_155' title='bbox 2513 1875 2727 1940; x_wconf 86' lang='lat' dir='ltr'><strong>quae-</strong></span> 
     </span>
     <span class='ocr_line' id='line_1_19' title="bbox 168 1941 2717 2042; baseline 0.001 -33"><span class='ocrx_word' id='word_1_156' title='bbox 168 1943 279 2009; x_wconf 85' lang='lat' dir='ltr'><strong>vis</strong></span> <span class='ocrx_word' id='word_1_157' title='bbox 328 1941 732 2029; x_wconf 88' lang='lat' dir='ltr'><strong>praestanda</strong></span> <span class='ocrx_word' id='word_1_158' title='bbox 783 1943 850 2009; x_wconf 89' lang='lat' dir='ltr'><strong>in</strong></span> <span class='ocrx_word' id='word_1_159' title='bbox 899 1941 1220 2010; x_wconf 86' lang='lat' dir='ltr'><strong>bonorem</strong></span> <span class='ocrx_word' id='word_1_160' title='bbox 1290 1941 1714 2015; x_wconf 69' lang='lat' dir='ltr'><strong>divinitatis,</strong></span> <span class='ocrx_word' id='word_1_161' title='bbox 1761 1963 1976 2028; x_wconf 89' lang='lat' dir='ltr'><strong>eaque</strong></span> <span class='ocrx_word' id='word_1_162' title='bbox 2019 1941 2412 2042; x_wconf 84' lang='lat' dir='ltr'><strong>prodigioso</strong></span> <span class='ocrx_word' id='word_1_163' title='bbox 2447 1963 2717 2011; x_wconf 89' lang='lat' dir='ltr'><strong>morum</strong></span> 
     </span>
     <span class='ocr_line' id='line_1_20' title="bbox 174 2030 2719 2120; baseline 0.001 -23"><span class='ocrx_word' id='word_1_164' title='bbox 174 2052 465 2099; x_wconf 91' lang='lat' dir='ltr'><strong>suorum</strong></span> <span class='ocrx_word' id='word_1_165' title='bbox 519 2030 831 2119; x_wconf 84' lang='lat' dir='ltr'><strong>exemplo</strong></span> <span class='ocrx_word' id='word_1_166' title='bbox 880 2031 1151 2116; x_wconf 85' lang='lat' dir='ltr'><strong>assequi</strong></span> <span class='ocrx_word' id='word_1_167' title='bbox 1208 2031 1444 2119; x_wconf 89' lang='lat' dir='ltr'><strong>potuit.</strong></span> <span class='ocrx_word' id='word_1_168' title='bbox 1490 2032 1721 2099; x_wconf 80' lang='lat' dir='ltr'><strong>Latere</strong></span> <span class='ocrx_word' id='word_1_169' title='bbox 1762 2030 1876 2098; x_wconf 91' lang='lat' dir='ltr'><strong>ille</strong></span> <span class='ocrx_word' id='word_1_170' title='bbox 1914 2031 2191 2115; x_wconf 82' lang='lat' dir='ltr'><strong>quidem</strong></span> <span class='ocrx_word' id='word_1_171' title='bbox 2232 2043 2719 2120; x_wconf 82' lang='lat' dir='ltr'><strong>praeoptasset,</strong></span> 
     </span>
     <span class='ocr_line' id='line_1_21' title="bbox 172 2119 2722 2208; baseline 0.001 -21"><span class='ocrx_word' id='word_1_172' title='bbox 172 2133 264 2197; x_wconf 89' lang='lat' dir='ltr'><strong>et,</strong></span> <span class='ocrx_word' id='word_1_173' title='bbox 308 2132 660 2206; x_wconf 86' lang='lat' dir='ltr'><strong>paternam</strong></span> <span class='ocrx_word' id='word_1_174' title='bbox 717 2119 932 2189; x_wconf 87' lang='lat' dir='ltr'><strong>sancti</strong></span> <span class='ocrx_word' id='word_1_175' title='bbox 987 2120 1331 2187; x_wconf 89' lang='lat' dir='ltr'><strong>Francisci</strong></span> <span class='ocrx_word' id='word_1_176' title='bbox 1384 2119 1843 2187; x_wconf 87' lang='lat' dir='ltr'><strong>humilitatem</strong></span> <span class='ocrx_word' id='word_1_177' title='bbox 1900 2134 2202 2198; x_wconf 80' lang='lat' dir='ltr'><strong>secutuS,</strong></span> <span class='ocrx_word' id='word_1_178' title='bbox 2251 2120 2476 2208; x_wconf 84' lang='lat' dir='ltr'><strong>regale</strong></span> <span class='ocrx_word' id='word_1_179' title='bbox 2507 2142 2722 2189; x_wconf 89' lang='lat' dir='ltr'><strong>sacer·</strong></span> 
     </span>
     <span class='ocr_line' id='line_1_22' title="bbox 175 2206 2724 2298; baseline 0.001 -23"><span class='ocrx_word' id='word_1_180' title='bbox 175 2207 445 2275; x_wconf 89' lang='lat' dir='ltr'><strong>dotium</strong></span> <span class='ocrx_word' id='word_1_181' title='bbox 497 2207 934 2276; x_wconf 86' lang='lat' dir='ltr'><strong>formidasset</strong></span> <span class='ocrx_word' id='word_1_182' title='bbox 980 2208 1311 2296; x_wconf 90' lang='lat' dir='ltr'><strong>accipere,</strong></span> <span class='ocrx_word' id='word_1_183' title='bbox 1378 2208 1509 2276; x_wconf 86' lang='lat' dir='ltr'><strong>nisi</strong></span> <span class='ocrx_word' id='word_1_184' title='bbox 1576 2208 1659 2275; x_wconf 87' lang='lat' dir='ltr'><strong>ad</strong></span> <span class='ocrx_word' id='word_1_185' title='bbox 1718 2206 1888 2274; x_wconf 88' lang='lat' dir='ltr'><strong>illud</strong></span> <span class='ocrx_word' id='word_1_186' title='bbox 1950 2208 2385 2297; x_wconf 90' lang='lat' dir='ltr'><strong>superiorum</strong></span> <span class='ocrx_word' id='word_1_187' title='bbox 2433 2209 2724 2298; x_wconf 90' lang='lat' dir='ltr'><strong>imperio</strong></span> 
     </span>
     <span class='ocr_line' id='line_1_23' title="bbox 171 2296 2721 2382; baseline 0.001 -17"><span class='ocrx_word' id='word_1_188' title='bbox 171 2310 456 2365; x_wconf 87' lang='lat' dir='ltr'><strong>coactus</strong></span> <span class='ocrx_word' id='word_1_189' title='bbox 496 2296 761 2364; x_wconf 85' lang='lat' dir='ltr'><strong>fuisset.</strong></span> <span class='ocrx_word' id='word_1_190' title='bbox 811 2301 1070 2382; x_wconf 78' lang='lat' dir='ltr'><strong>ltaque,</strong></span> <span class='ocrx_word' id='word_1_191' title='bbox 1113 2318 1245 2364; x_wconf 89' lang='lat' dir='ltr'><strong>non</strong></span> <span class='ocrx_word' id='word_1_192' title='bbox 1299 2318 1582 2366; x_wconf 86' lang='lat' dir='ltr'><strong>sumens</strong></span> <span class='ocrx_word' id='word_1_193' title='bbox 1621 2297 1753 2366; x_wconf 85' lang='lat' dir='ltr'><strong>sibi</strong></span> <span class='ocrx_word' id='word_1_194' title='bbox 1805 2296 2161 2378; x_wconf 87' lang='lat' dir='ltr'><strong>honorem,</strong></span> <span class='ocrx_word' id='word_1_195' title='bbox 2200 2298 2316 2366; x_wconf 90' lang='lat' dir='ltr'><strong>sed</strong></span> <span class='ocrx_word' id='word_1_196' title='bbox 2362 2315 2639 2366; x_wconf 86' lang='lat' dir='ltr'><strong>vocatus</strong></span> <span class='ocrx_word' id='word_1_197' title='bbox 2679 2321 2721 2367; x_wconf 90' lang='lat' dir='ltr'><strong>a</strong></span> 
     </span>
     <span class='ocr_line' id='line_1_24' title="bbox 171 2385 2716 2474; baseline 0.001 -22"><span class='ocrx_word' id='word_1_198' title='bbox 171 2388 311 2452; x_wconf 86' lang='lat' dir='ltr'><strong>Deo</strong></span> <span class='ocrx_word' id='word_1_199' title='bbox 362 2398 710 2470; x_wconf 88' lang='lat' dir='ltr'><strong>tamquam</strong></span> <span class='ocrx_word' id='word_1_200' title='bbox 757 2392 997 2463; x_wconf 77' lang='lat' dir='ltr'><strong>Aaron,</strong></span> <span class='ocrx_word' id='word_1_201' title='bbox 1052 2407 1326 2454; x_wconf 87' lang='lat' dir='ltr'><strong>sacrum</strong></span> <span class='ocrx_word' id='word_1_202' title='bbox 1370 2385 1679 2471; x_wconf 89' lang='lat' dir='ltr'><strong>quotidie</strong></span> <span class='ocrx_word' id='word_1_203' title='bbox 1745 2386 2107 2474; x_wconf 84' lang='lat' dir='ltr'><strong>peragebat</strong></span> <span class='ocrx_word' id='word_1_204' title='bbox 2149 2398 2287 2454; x_wconf 89' lang='lat' dir='ltr'><strong>tam</strong></span> <span class='ocrx_word' id='word_1_205' title='bbox 2356 2388 2604 2456; x_wconf 90' lang='lat' dir='ltr'><strong>uberes</strong></span> <span class='ocrx_word' id='word_1_206' title='bbox 2645 2387 2716 2455; x_wconf 92' lang='lat' dir='ltr'><strong>in</strong></span> 
     </span>
     <span class='ocr_line' id='line_1_25' title="bbox 170 2472 2721 2562; baseline 0.001 -20"><span class='ocrx_word' id='word_1_207' title='bbox 170 2472 378 2542; x_wconf 88' lang='lat' dir='ltr'><strong>fletus</strong></span> <span class='ocrx_word' id='word_1_208' title='bbox 427 2474 737 2554; x_wconf 83' lang='lat' dir='ltr'><strong>effusus,</strong></span> <span class='ocrx_word' id='word_1_209' title='bbox 789 2488 866 2543; x_wconf 89' lang='lat' dir='ltr'><strong>ut</strong></span> <span class='ocrx_word' id='word_1_210' title='bbox 914 2475 1136 2543; x_wconf 83' lang='lat' dir='ltr'><strong>exitus</strong></span> <span class='ocrx_word' id='word_1_211' title='bbox 1183 2495 1521 2560; x_wconf 89' lang='lat' dir='ltr'><strong>aquarum</strong></span> <span class='ocrx_word' id='word_1_212' title='bbox 1593 2473 2012 2544; x_wconf 87' lang='lat' dir='ltr'><strong>deducentes</strong></span> <span class='ocrx_word' id='word_1_213' title='bbox 2082 2474 2263 2545; x_wconf 89' lang='lat' dir='ltr'><strong>oculi</strong></span> <span class='ocrx_word' id='word_1_214' title='bbox 2333 2475 2485 2562; x_wconf 73' lang='lat' dir='ltr'><strong>ejus</strong></span> <span class='ocrx_word' id='word_1_215' title='bbox 2535 2476 2721 2545; x_wconf 73' lang='lat' dir='ltr'><strong>vide-</strong></span> 
     </span>
     <span class='ocr_line' id='line_1_26' title="bbox 172 2564 2724 2653; baseline 0.001 -22"><span class='ocrx_word' id='word_1_216' title='bbox 172 2576 417 2631; x_wconf 88' lang='lat' dir='ltr'><strong>rentur</strong></span> <span class='ocrx_word' id='word_1_217' title='bbox 466 2564 617 2632; x_wconf 87' lang='lat' dir='ltr'><strong>fons</strong></span> <span class='ocrx_word' id='word_1_218' title='bbox 667 2564 1021 2632; x_wconf 86' lang='lat' dir='ltr'><strong>hortorum</strong></span> <span class='ocrx_word' id='word_1_219' title='bbox 1074 2577 1138 2631; x_wconf 89' lang='lat' dir='ltr'><strong>et</strong></span> <span class='ocrx_word' id='word_1_220' title='bbox 1190 2577 1436 2653; x_wconf 89' lang='lat' dir='ltr'><strong>puteus</strong></span> <span class='ocrx_word' id='word_1_221' title='bbox 1464 2585 1802 2650; x_wconf 88' lang='lat' dir='ltr'><strong>aquarum</strong></span> <span class='ocrx_word' id='word_1_222' title='bbox 1848 2565 2247 2642; x_wconf 82' lang='lat' dir='ltr'><strong>viventium,</strong></span> <span class='ocrx_word' id='word_1_223' title='bbox 2281 2587 2459 2651; x_wconf 87' lang='lat' dir='ltr'><strong>quae</strong></span> <span class='ocrx_word' id='word_1_224' title='bbox 2493 2566 2724 2633; x_wconf 87' lang='lat' dir='ltr'><strong>fluunt</strong></span> 
     </span>
     <span class='ocr_line' id='line_1_27' title="bbox 173 2651 2724 2742; baseline 0.002 -24"><span class='ocrx_word' id='word_1_225' title='bbox 173 2651 441 2739; x_wconf 89' lang='lat' dir='ltr'><strong>impetu</strong></span> <span class='ocrx_word' id='word_1_226' title='bbox 490 2651 575 2719; x_wconf 92' lang='lat' dir='ltr'><strong>de</strong></span> <span class='ocrx_word' id='word_1_227' title='bbox 627 2653 905 2721; x_wconf 87' lang='lat' dir='ltr'><strong>Libano.</strong></span> <span class='ocrx_word' id='word_1_228' title='bbox 980 2658 1232 2722; x_wconf 85' lang='lat' dir='ltr'><strong>Jussus</strong></span> <span class='ocrx_word' id='word_1_229' title='bbox 1278 2652 1480 2720; x_wconf 89' lang='lat' dir='ltr'><strong>etiam</strong></span> <span class='ocrx_word' id='word_1_230' title='bbox 1545 2667 1645 2721; x_wconf 89' lang='lat' dir='ltr'><strong>est</strong></span> <span class='ocrx_word' id='word_1_231' title='bbox 1707 2667 2112 2742; x_wconf 86' lang='lat' dir='ltr'><strong>suggestum</strong></span> <span class='ocrx_word' id='word_1_232' title='bbox 2165 2653 2536 2722; x_wconf 87' lang='lat' dir='ltr'><strong>ascendere</strong></span> <span class='ocrx_word' id='word_1_233' title='bbox 2571 2707 2585 2733; x_wconf 91' lang='lat'><strong>,</strong></span> <span class='ocrx_word' id='word_1_234' title='bbox 2641 2674 2724 2722; x_wconf 90' lang='lat' dir='ltr'><strong>ac</strong></span> 
     </span>
     <span class='ocr_line' id='line_1_28' title="bbox 175 2740 2713 2831; baseline 0.001 -25"><span class='ocrx_word' id='word_1_235' title='bbox 175 2740 365 2809; x_wconf 86' lang='lat' dir='ltr'><strong>verbi</strong></span> <span class='ocrx_word' id='word_1_236' title='bbox 420 2740 638 2808; x_wconf 88' lang='lat' dir='ltr'><strong>divini</strong></span> <span class='ocrx_word' id='word_1_237' title='bbox 682 2764 927 2830; x_wconf 90' lang='lat' dir='ltr'><strong>panem</strong></span> <span class='ocrx_word' id='word_1_238' title='bbox 996 2763 1070 2809; x_wconf 86' lang='lat' dir='ltr'><strong>ex</strong></span> <span class='ocrx_word' id='word_1_239' title='bbox 1125 2754 1428 2830; x_wconf 87' lang='lat' dir='ltr'><strong>tempore</strong></span> <span class='ocrx_word' id='word_1_240' title='bbox 1489 2741 1768 2831; x_wconf 90' lang='lat' dir='ltr'><strong>populis</strong></span> <span class='ocrx_word' id='word_1_241' title='bbox 1828 2742 2294 2811; x_wconf 85' lang='lat' dir='ltr'><strong>esurientibus</strong></span> <span class='ocrx_word' id='word_1_242' title='bbox 2349 2741 2713 2831; x_wconf 80' lang='lat' dir='ltr'><strong>frangere:</strong></span> 
     </span>
     <span class='ocr_line' id='line_1_29' title="bbox 176 2829 2720 2920; baseline 0.001 -24"><span class='ocrx_word' id='word_1_243' title='bbox 176 2850 478 2915; x_wconf 87' lang='lat' dir='ltr'><strong>cumque</strong></span> <span class='ocrx_word' id='word_1_244' title='bbox 528 2829 613 2898; x_wconf 87' lang='lat' dir='ltr'><strong>de</strong></span> <span class='ocrx_word' id='word_1_245' title='bbox 662 2852 788 2906; x_wconf 72' lang='lat' dir='ltr'><strong>ore,</strong></span> <span class='ocrx_word' id='word_1_246' title='bbox 825 2832 975 2920; x_wconf 87' lang='lat' dir='ltr'><strong>ejus</strong></span> <span class='ocrx_word' id='word_1_247' title='bbox 1023 2843 1466 2920; x_wconf 86' lang='lat' dir='ltr'><strong>erumperent</strong></span> <span class='ocrx_word' id='word_1_248' title='bbox 1512 2831 1711 2916; x_wconf 88' lang='lat' dir='ltr'><strong>quasi</strong></span> <span class='ocrx_word' id='word_1_249' title='bbox 1761 2831 2050 2919; x_wconf 81' lang='lat' dir='ltr'><strong>sagittae</strong></span> <span class='ocrx_word' id='word_1_250' title='bbox 2100 2830 2393 2919; x_wconf 87' lang='lat' dir='ltr'><strong>potentis</strong></span> <span class='ocrx_word' id='word_1_251' title='bbox 2455 2842 2720 2910; x_wconf 75' lang='lat' dir='ltr'><strong>acutae,</strong></span> 
     </span>
     <span class='ocr_line' id='line_1_30' title="bbox 177 2917 2717 3009; baseline 0.001 -26"><span class='ocrx_word' id='word_1_252' title='bbox 177 2917 583 2986; x_wconf 90' lang='lat' dir='ltr'><strong>innumeros</strong></span> <span class='ocrx_word' id='word_1_253' title='bbox 622 2918 1018 2988; x_wconf 86' lang='lat' dir='ltr'><strong>felicissime</strong></span> <span class='ocrx_word' id='word_1_254' title='bbox 1068 2921 1411 2988; x_wconf 88' lang='lat' dir='ltr'><strong>sauciatos</strong></span> <span class='ocrx_word' id='word_1_255' title='bbox 1469 2920 1649 2988; x_wconf 91' lang='lat' dir='ltr'><strong>eruit</strong></span> <span class='ocrx_word' id='word_1_256' title='bbox 1711 2919 1794 2988; x_wconf 89' lang='lat' dir='ltr'><strong>de</strong></span> <span class='ocrx_word' id='word_1_257' title='bbox 1824 2931 2174 3009; x_wconf 85' lang='lat' dir='ltr'><strong>potestate</strong></span> <span class='ocrx_word' id='word_1_258' title='bbox 2223 2918 2660 2987; x_wconf 88' lang='lat' dir='ltr'><strong>tenebrarum</strong></span> <span class='ocrx_word' id='word_1_259' title='bbox 2701 2972 2717 2998; x_wconf 92' lang='lat'>‚</span> 
     </span>
     <span class='ocr_line' id='line_1_31' title="bbox 180 3007 2722 3095; baseline 0.002 -22"><span class='ocrx_word' id='word_1_260' title='bbox 180 3019 244 3074; x_wconf 89' lang='lat' dir='ltr'><strong>et</strong></span> <span class='ocrx_word' id='word_1_261' title='bbox 291 3007 638 3075; x_wconf 87' lang='lat' dir='ltr'><strong>transtulit</strong></span> <span class='ocrx_word' id='word_1_262' title='bbox 675 3008 739 3076; x_wconf 86' lang='lat' dir='ltr'><strong>in</strong></span> <span class='ocrx_word' id='word_1_263' title='bbox 798 3030 1084 3095; x_wconf 86' lang='lat' dir='ltr'><strong>regnum</strong></span> <span class='ocrx_word' id='word_1_264' title='bbox 1138 3008 1289 3076; x_wconf 87' lang='lat' dir='ltr'><strong>Filii</strong></span> <span class='ocrx_word' id='word_1_265' title='bbox 1328 3008 1464 3076; x_wconf 90' lang='lat' dir='ltr'><strong>Dei.</strong></span> <span class='ocrx_word' id='word_1_266' title='bbox 1508 3013 1854 3077; x_wconf 88' lang='lat' dir='ltr'><strong>Praeterea</strong></span> <span class='ocrx_word' id='word_1_267' title='bbox 1905 3007 2346 3076; x_wconf 88' lang='lat' dir='ltr'><strong>confluebant</strong></span> <span class='ocrx_word' id='word_1_268' title='bbox 2385 3007 2468 3076; x_wconf 90' lang='lat' dir='ltr'><strong>ad</strong></span> <span class='ocrx_word' id='word_1_269' title='bbox 2522 3007 2722 3077; x_wconf 89' lang='lat' dir='ltr'><strong>illum</strong></span> 
     </span>
    </p>

    <p class='ocr_par' dir='ltr' id='par_1_4' title="bbox 178 3094 2725 3539">
     <span class='ocr_line' id='line_1_32' title="bbox 234 3094 2725 3184; baseline 0.002 -24"><span class='ocrx_word' id='word_1_270' title='bbox 234 3094 495 3162; x_wconf 85' lang='lat' dir='ltr'><strong>rivatim</strong></span> <span class='ocrx_word' id='word_1_271' title='bbox 548 3097 910 3165; x_wconf 90' lang='lat' dir='ltr'><strong>erudiendi</strong></span> <span class='ocrx_word' id='word_1_272' title='bbox 962 3119 1095 3166; x_wconf 90' lang='lat' dir='ltr'><strong>non</strong></span> <span class='ocrx_word' id='word_1_273' title='bbox 1149 3097 1352 3165; x_wconf 86' lang='lat' dir='ltr'><strong>modo</strong></span> <span class='ocrx_word' id='word_1_274' title='bbox 1402 3096 1625 3165; x_wconf 84' lang='lat' dir='ltr'><strong>infimi</strong></span> <span class='ocrx_word' id='word_1_275' title='bbox 1676 3110 1740 3164; x_wconf 88' lang='lat' dir='ltr'><strong>et</strong></span> <span class='ocrx_word' id='word_1_276' title='bbox 1789 3096 2186 3184; x_wconf 74' lang='lat' dir='ltr'><strong>populareS,</strong></span> <span class='ocrx_word' id='word_1_277' title='bbox 2221 3096 2336 3165; x_wconf 87' lang='lat' dir='ltr'><strong>sed</strong></span> <span class='ocrx_word' id='word_1_278' title='bbox 2372 3096 2574 3164; x_wconf 86' lang='lat' dir='ltr'><strong>etiam</strong></span> <span class='ocrx_word' id='word_1_279' title='bbox 2612 3117 2725 3164; x_wconf 74' lang='lat' dir='ltr'><strong>no.-</strong></span> 
     </span>
     <span class='ocr_line' id='line_1_33' title="bbox 178 3116 2722 3272; baseline -0 -20"><span class='ocrx_word' id='word_1_280' title='bbox 178 3116 348 3252; x_wconf 56' lang='lat' dir='ltr'><strong>ssiles</strong></span> <span class='ocrx_word' id='word_1_281' title='bbox 387 3206 466 3251; x_wconf 90' lang='lat' dir='ltr'><strong>ac</strong></span> <span class='ocrx_word' id='word_1_282' title='bbox 507 3186 853 3272; x_wconf 90' lang='lat' dir='ltr'><strong>principes</strong></span> <span class='ocrx_word' id='word_1_283' title='bbox 892 3186 1060 3265; x_wconf 86' lang='lat' dir='ltr'><strong>viri;</strong></span> <span class='ocrx_word' id='word_1_284' title='bbox 1094 3207 1267 3270; x_wconf 87' lang='lat' dir='ltr'><strong>quos</strong></span> <span class='ocrx_word' id='word_1_285' title='bbox 1311 3185 1485 3253; x_wconf 75' lang='lat' dir='ltr'><strong>mira</strong></span> <span class='ocrx_word' id='word_1_286' title='bbox 1520 3185 1852 3254; x_wconf 85' lang='lat' dir='ltr'><strong>suavitate</strong></span> <span class='ocrx_word' id='word_1_287' title='bbox 1892 3197 1956 3252; x_wconf 92' lang='lat' dir='ltr'><strong>et</strong></span> <span class='ocrx_word' id='word_1_288' title='bbox 2011 3182 2314 3253; x_wconf 76' lang='lat' dir='ltr'><strong>efficacia</strong></span> <span class='ocrx_word' id='word_1_289' title='bbox 2357 3184 2722 3253; x_wconf 85' lang='lat' dir='ltr'><strong>verborum-</strong></span> 
     </span>
     <span class='ocr_line' id='line_1_34' title="bbox 180 3271 2724 3361; baseline 0.002 -23"><span class='ocrx_word' id='word_1_290' title='bbox 180 3271 259 3339; x_wconf 90' lang='lat' dir='ltr'><strong>ad</strong></span> <span class='ocrx_word' id='word_1_291' title='bbox 313 3272 679 3340; x_wconf 87' lang='lat' dir='ltr'><strong>salutarem</strong></span> <span class='ocrx_word' id='word_1_292' title='bbox 754 3274 1238 3361; x_wconf 86' lang='lat' dir='ltr'><strong>poenitentiam</strong></span> <span class='ocrx_word' id='word_1_293' title='bbox 1291 3273 1646 3341; x_wconf 87' lang='lat' dir='ltr'><strong>invitabat.</strong></span> <span class='ocrx_word' id='word_1_294' title='bbox 1718 3271 2127 3342; x_wconf 71' lang='lat' dir='ltr'><strong>confessarii</strong></span> <span class='ocrx_word' id='word_1_295' title='bbox 2179 3284 2405 3342; x_wconf 87' lang='lat' dir='ltr'><strong>tamen</strong></span> <span class='ocrx_word' id='word_1_296' title='bbox 2459 3294 2724 3342; x_wconf 85' lang='lat' dir='ltr'><strong>munus</strong></span> 
     </span>
     <span class='ocr_line' id='line_1_35' title="bbox 182 3360 2722 3450; baseline 0.001 -22"><span class='ocrx_word' id='word_1_297' title='bbox 182 3360 359 3443; x_wconf 90' lang='lat' dir='ltr'><strong>apud</strong></span> <span class='ocrx_word' id='word_1_298' title='bbox 413 3360 727 3429; x_wconf 84' lang='lat' dir='ltr'><strong>Carolum</strong></span> <span class='ocrx_word' id='word_1_299' title='bbox 781 3367 827 3429; x_wconf 89' lang='lat' dir='ltr'>V</span> <span class='ocrx_word' id='word_1_300' title='bbox 877 3367 1228 3431; x_wconf 86' lang='lat' dir='ltr'><strong>Caesarem</strong></span> <span class='ocrx_word' id='word_1_301' title='bbox 1280 3361 1673 3440; x_wconf 89' lang='lat' dir='ltr'><strong>declinavit,</strong></span> <span class='ocrx_word' id='word_1_302' title='bbox 1740 3374 1986 3450; x_wconf 88' lang='lat' dir='ltr'><strong>captus</strong></span> <span class='ocrx_word' id='word_1_303' title='bbox 2035 3383 2268 3432; x_wconf 87' lang='lat' dir='ltr'><strong>amore</strong></span> <span class='ocrx_word' id='word_1_304' title='bbox 2317 3361 2722 3431; x_wconf 84' lang='lat' dir='ltr'><strong>solitudinis-</strong></span> 
     </span>
     <span class='ocr_line' id='line_1_36' title="bbox 183 3447 2217 3539; baseline 0 -21"><span class='ocrx_word' id='word_1_305' title='bbox 183 3463 246 3518; x_wconf 89' lang='lat' dir='ltr'><strong>et</strong></span> <span class='ocrx_word' id='word_1_306' title='bbox 290 3449 760 3530; x_wconf 77' lang='lat' dir='ltr'><strong>demissioniS,</strong></span> <span class='ocrx_word' id='word_1_307' title='bbox 804 3472 884 3518; x_wconf 87' lang='lat' dir='ltr'><strong>ac</strong></span> <span class='ocrx_word' id='word_1_308' title='bbox 933 3464 1121 3518; x_wconf 87' lang='lat' dir='ltr'><strong>metu</strong></span> <span class='ocrx_word' id='word_1_309' title='bbox 1155 3447 1639 3518; x_wconf 84' lang='lat' dir='ltr'><strong>discriminum</strong></span> <span class='ocrx_word' id='word_1_310' title='bbox 1696 3449 1896 3519; x_wconf 85' lang='lat' dir='ltr'><strong>aulae</strong></span> <span class='ocrx_word' id='word_1_311' title='bbox 1943 3450 2217 3539; x_wconf 81' lang='lat' dir='ltr'><strong>regalis.</strong></span> 
     </span>
    </p>

    <p class='ocr_par' dir='ltr' id='par_1_5' title="bbox 182 3536 2725 4515">
     <span class='ocr_line' id='line_1_37' title="bbox 269 3536 2724 3628; baseline 0 -21"><span class='ocrx_word' id='word_1_312' title='bbox 269 3545 304 3618; x_wconf 69' lang='grc' dir='ltr'><strong>ἓ</strong></span> <span class='ocrx_word' id='word_1_313' title='bbox 352 3542 428 3607; x_wconf 63' lang='grc' dir='ltr'><strong>θ.</strong></span> <span class='ocrx_word' id='word_1_314' title='bbox 487 3536 685 3605; x_wconf 90' lang='lat' dir='ltr'><strong>Plura</strong></span> <span class='ocrx_word' id='word_1_315' title='bbox 719 3538 1063 3607; x_wconf 85' lang='lat' dir='ltr'><strong>coenobia</strong></span> <span class='ocrx_word' id='word_1_316' title='bbox 1129 3538 1238 3608; x_wconf 89' lang='lat' dir='ltr'><strong>sui</strong></span> <span class='ocrx_word' id='word_1_317' title='bbox 1274 3538 1551 3607; x_wconf 90' lang='lat' dir='ltr'><strong>Ordinis</strong></span> <span class='ocrx_word' id='word_1_318' title='bbox 1600 3537 2038 3607; x_wconf 88' lang='lat' dir='ltr'><strong>sanctissime</strong></span> <span class='ocrx_word' id='word_1_319' title='bbox 2074 3539 2494 3628; x_wconf 82' lang='lat' dir='ltr'><strong>temperavit,</strong></span> <span class='ocrx_word' id='word_1_320' title='bbox 2537 3538 2724 3607; x_wconf 57' lang='lat' dir='ltr'><strong>vide*-</strong></span> 
     </span>
     <span class='ocr_line' id='line_1_38' title="bbox 182 3625 2721 3716; baseline 0.001 -22"><span class='ocrx_word' id='word_1_321' title='bbox 182 3626 331 3695; x_wconf 89' lang='lat' dir='ltr'><strong>licet</strong></span> <span class='ocrx_word' id='word_1_322' title='bbox 383 3625 551 3694; x_wconf 89' lang='lat' dir='ltr'><strong>illud</strong></span> <span class='ocrx_word' id='word_1_323' title='bbox 606 3630 672 3694; x_wconf 92' lang='lat' dir='ltr'><strong>S.</strong></span> <span class='ocrx_word' id='word_1_324' title='bbox 741 3627 1131 3716; x_wconf 88' lang='lat' dir='ltr'><strong>Honuphrii</strong></span> <span class='ocrx_word' id='word_1_325' title='bbox 1195 3627 1260 3693; x_wconf 91' lang='lat' dir='ltr'><strong>in</strong></span> <span class='ocrx_word' id='word_1_326' title='bbox 1332 3626 1686 3716; x_wconf 72' lang='lat' dir='ltr'><strong>provincia</strong></span> <span class='ocrx_word' id='word_1_327' title='bbox 1752 3631 1818 3695; x_wconf 91' lang='lat' dir='ltr'><strong>S.</strong></span> <span class='ocrx_word' id='word_1_328' title='bbox 1865 3627 2221 3708; x_wconf 85' lang='lat' dir='ltr'><strong>Gabrielis‚</strong></span> <span class='ocrx_word' id='word_1_329' title='bbox 2260 3633 2325 3694; x_wconf 63' lang='grc' dir='ltr'><strong>ὃ.</strong></span> <span class='ocrx_word' id='word_1_330' title='bbox 2372 3626 2721 3697; x_wconf 72' lang='lat' dir='ltr'><strong>Michaelis</strong></span> 
     </span>
     <span class='ocr_line' id='line_1_39' title="bbox 183 3714 2720 3804; baseline 0 -20"><span class='ocrx_word' id='word_1_331' title='bbox 183 3714 584 3795; x_wconf 88' lang='lat' dir='ltr'><strong>Placentiae,</strong></span> <span class='ocrx_word' id='word_1_332' title='bbox 638 3714 934 3803; x_wconf 88' lang='lat' dir='ltr'><strong>aliaque.</strong></span> <span class='ocrx_word' id='word_1_333' title='bbox 1007 3715 1312 3784; x_wconf 88' lang='lat' dir='ltr'><strong>Subinde</strong></span> <span class='ocrx_word' id='word_1_334' title='bbox 1365 3715 1754 3804; x_wconf 82' lang='lat' dir='ltr'><strong>provinciae</strong></span> <span class='ocrx_word' id='word_1_335' title='bbox 1819 3714 2143 3784; x_wconf 88' lang='lat' dir='ltr'><strong>definitor</strong></span> <span class='ocrx_word' id='word_1_336' title='bbox 2186 3729 2251 3786; x_wconf 85' lang='lat' dir='ltr'><strong>et</strong></span> <span class='ocrx_word' id='word_1_337' title='bbox 2297 3728 2574 3796; x_wconf 81' lang='lat' dir='ltr'><strong>custos,</strong></span> <span class='ocrx_word' id='word_1_338' title='bbox 2617 3738 2720 3785; x_wconf 48' lang='lat' dir='ltr'><strong>¹ac</strong></span> 
     </span>
     <span class='ocr_line' id='line_1_40' title="bbox 184 3803 2725 3904; baseline 0.001 -33"><span class='ocrx_word' id='word_1_339' title='bbox 184 3803 425 3872; x_wconf 86' lang='lat' dir='ltr'><strong>deinde.</strong></span> <span class='ocrx_word' id='word_1_340' title='bbox 459 3804 772 3873; x_wconf 84' lang='lat' dir='ltr'><strong>omnium</strong></span> <span class='ocrx_word' id='word_1_341' title='bbox 826 3804 1179 3904; x_wconf 80' lang='lat' dir='ltr'><strong>suffragiis</strong></span> <span class='ocrx_word' id='word_1_342' title='bbox 1211 3806 1278 3872; x_wconf 88' lang='lat' dir='ltr'><strong>in</strong></span> <span class='ocrx_word' id='word_1_343' title='bbox 1334 3804 1823 3893; x_wconf 87' lang='lat' dir='ltr'><strong>provincialem</strong></span> <span class='ocrx_word' id='word_1_344' title='bbox 1876 3805 2134 3875; x_wconf 88' lang='lat' dir='ltr'><strong>electus</strong></span> <span class='ocrx_word' id='word_1_345' title='bbox 2179 3817 2281 3873; x_wconf 89' lang='lat' dir='ltr'><strong>est</strong></span> <span class='ocrx_word' id='word_1_346' title='bbox 2328 3804 2725 3894; x_wconf 74' lang='lat' dir='ltr'><strong>provinciae</strong></span> 
     </span>
     <span class='ocr_line' id='line_1_41' title="bbox 187 3892 2718 3982; baseline 0 -21"><span class='ocrx_word' id='word_1_347' title='bbox 187 3897 247 3961; x_wconf 90' lang='lat' dir='ltr'><strong>S.</strong></span> <span class='ocrx_word' id='word_1_348' title='bbox 284 3892 642 3972; x_wconf 85' lang='lat' dir='ltr'><strong>Gabrielis;</strong></span> <span class='ocrx_word' id='word_1_349' title='bbox 679 3892 882 3980; x_wconf 83' lang='lat' dir='ltr'><strong>cujus</strong></span> <span class='ocrx_word' id='word_1_350' title='bbox 923 3894 1245 3981; x_wconf 80' lang='lat' dir='ltr'><strong>regimini</strong></span> <span class='ocrx_word' id='word_1_351' title='bbox 1282 3893 1524 3963; x_wconf 86' lang='lat' dir='ltr'><strong>sedulo</strong></span> <span class='ocrx_word' id='word_1_352' title='bbox 1560 3894 1974 3962; x_wconf 86' lang='lat' dir='ltr'><strong>incumbens</strong></span> <span class='ocrx_word' id='word_1_353' title='bbox 2004 3892 2337 3982; x_wconf 84' lang='lat' dir='ltr'><strong>exemplis</strong></span> <span class='ocrx_word' id='word_1_354' title='bbox 2364 3906 2432 3963; x_wconf 89' lang='lat' dir='ltr'><strong>et</strong></span> <span class='ocrx_word' id='word_1_355' title='bbox 2456 3893 2718 3973; x_wconf 77' lang='lat' dir='ltr'><strong>verbis,</strong></span> 
     </span>
     <span class='ocr_line' id='line_1_42' title="bbox 187 3981 2724 4069; baseline -0 -20"><span class='ocrx_word' id='word_1_356' title='bbox 187 3982 513 4067; x_wconf 89' lang='lat' dir='ltr'><strong>quasdam</strong></span> <span class='ocrx_word' id='word_1_357' title='bbox 565 3982 783 4050; x_wconf 91' lang='lat' dir='ltr'><strong>edidit</strong></span> <span class='ocrx_word' id='word_1_358' title='bbox 814 3982 1360 4063; x_wconf 79' lang='lat' dir='ltr'><strong>constitutioneS,</strong></span> <span class='ocrx_word' id='word_1_359' title='bbox 1412 3983 1672 4069; x_wconf 91' lang='lat' dir='ltr'><strong>quibus</strong></span> <span class='ocrx_word' id='word_1_360' title='bbox 1705 3983 2067 4053; x_wconf 84' lang='lat' dir='ltr'><strong>strictioris</strong></span> <span class='ocrx_word' id='word_1_361' title='bbox 2101 3981 2579 4052; x_wconf 85' lang='lat' dir='ltr'><strong>observantiae</strong></span> <span class='ocrx_word' id='word_1_362' title='bbox 2613 3981 2724 4048; x_wconf 64' lang='lat' dir='ltr'><strong>ni-</strong></span> 
     </span>
     <span class='ocr_line' id='line_1_43' title="bbox 190 4071 2720 4160; baseline 0.001 -24"><span class='ocrx_word' id='word_1_363' title='bbox 190 4081 285 4137; x_wconf 81' lang='lat' dir='ltr'><strong>tor</strong></span> <span class='ocrx_word' id='word_1_364' title='bbox 331 4071 696 4141; x_wconf 83' lang='lat' dir='ltr'><strong>refloreret.</strong></span> <span class='ocrx_word' id='word_1_365' title='bbox 739 4076 811 4140; x_wconf 91' lang='lat' dir='ltr'><strong>In</strong></span> <span class='ocrx_word' id='word_1_366' title='bbox 859 4071 1280 4140; x_wconf 86' lang='lat' dir='ltr'><strong>Lusitaniam</strong></span> <span class='ocrx_word' id='word_1_367' title='bbox 1330 4093 1603 4158; x_wconf 84' lang='lat' dir='ltr'><strong>quoque</strong></span> <span class='ocrx_word' id='word_1_368' title='bbox 1642 4071 1961 4160; x_wconf 85' lang='lat' dir='ltr'><strong>perrexit,</strong></span> <span class='ocrx_word' id='word_1_369' title='bbox 2018 4085 2098 4140; x_wconf 91' lang='lat' dir='ltr'><strong>ut</strong></span> <span class='ocrx_word' id='word_1_370' title='bbox 2130 4085 2521 4140; x_wconf 86' lang='lat' dir='ltr'><strong>nascentem</strong></span> <span class='ocrx_word' id='word_1_371' title='bbox 2564 4074 2720 4139; x_wconf 76' lang='lat' dir='ltr'><strong>Ara·</strong></span> 
     </span>
     <span class='ocr_line' id='line_1_44' title="bbox 190 4155 2718 4249; baseline 0.003 -26"><span class='ocrx_word' id='word_1_372' title='bbox 190 4155 496 4227; x_wconf 90' lang='lat' dir='ltr'><strong>bidorum</strong></span> <span class='ocrx_word' id='word_1_373' title='bbox 545 4160 967 4249; x_wconf 88' lang='lat' dir='ltr'><strong>provinciam</strong></span> <span class='ocrx_word' id='word_1_374' title='bbox 994 4158 1267 4247; x_wconf 83' lang='lat' dir='ltr'><strong>juvaret</strong></span> <span class='ocrx_word' id='word_1_375' title='bbox 1299 4174 1363 4229; x_wconf 90' lang='lat' dir='ltr'><strong>et</strong></span> <span class='ocrx_word' id='word_1_376' title='bbox 1397 4161 1846 4249; x_wconf 76' lang='lat' dir='ltr'><strong>promoveret.</strong></span> <span class='ocrx_word' id='word_1_377' title='bbox 1895 4165 2059 4229; x_wconf 83' lang='lat' dir='ltr'><strong>Cum</strong></span> <span class='ocrx_word' id='word_1_378' title='bbox 2097 4174 2325 4228; x_wconf 83' lang='lat' dir='ltr'><strong>autem</strong></span> <span class='ocrx_word' id='word_1_379' title='bbox 2358 4159 2718 4232; x_wconf 84' lang='lat' dir='ltr'><strong>arctiorem</strong></span> 
     </span>
     <span class='ocr_line' id='line_1_45' title="bbox 195 4245 2713 4339; baseline 0.001 -26"><span class='ocrx_word' id='word_1_380' title='bbox 195 4245 289 4314; x_wconf 90' lang='lat' dir='ltr'><strong>sui</strong></span> <span class='ocrx_word' id='word_1_381' title='bbox 341 4248 615 4318; x_wconf 89' lang='lat' dir='ltr'><strong>Ordinis</strong></span> <span class='ocrx_word' id='word_1_382' title='bbox 672 4249 1118 4339; x_wconf 78' lang='lat' dir='ltr'><strong>disciplinam</strong></span> <span class='ocrx_word' id='word_1_383' title='bbox 1193 4249 1418 4337; x_wconf 78' lang='lat' dir='ltr'><strong>vigere</strong></span> <span class='ocrx_word' id='word_1_384' title='bbox 1471 4247 1892 4318; x_wconf 86' lang='lat' dir='ltr'><strong>desideraret</strong></span> <span class='ocrx_word' id='word_1_385' title='bbox 1935 4262 2005 4318; x_wconf 85' lang='lat' dir='ltr'><strong>et</strong></span> <span class='ocrx_word' id='word_1_386' title='bbox 2057 4248 2343 4338; x_wconf 82' lang='lat' dir='ltr'><strong>longius</strong></span> <span class='ocrx_word' id='word_1_387' title='bbox 2399 4247 2713 4330; x_wconf 61' lang='lat' dir='ltr'><strong>extendi,</strong></span> 
     </span>
     <span class='ocr_line' id='line_1_46' title="bbox 197 4336 2718 4438; baseline 0.002 -37"><span class='ocrx_word' id='word_1_388' title='bbox 197 4337 522 4424; x_wconf 87' lang='lat' dir='ltr'><strong>superatis</strong></span> <span class='ocrx_word' id='word_1_389' title='bbox 562 4338 998 4438; x_wconf 75' lang='lat' dir='ltr'><strong>gravissimis</strong></span> <span class='ocrx_word' id='word_1_390' title='bbox 1047 4336 1612 4418; x_wconf 84' lang='lat' dir='ltr'><strong>difficultatibus,</strong></span> <span class='ocrx_word' id='word_1_391' title='bbox 1665 4337 1903 4407; x_wconf 90' lang='lat' dir='ltr'><strong>divino</strong></span> <span class='ocrx_word' id='word_1_392' title='bbox 1950 4338 2262 4407; x_wconf 85' lang='lat' dir='ltr'><strong>munitus</strong></span> <span class='ocrx_word' id='word_1_393' title='bbox 2326 4337 2669 4427; x_wconf 86' lang='lat' dir='ltr'><strong>praesidio</strong></span> <span class='ocrx_word' id='word_1_394' title='bbox 2689 4381 2718 4417; x_wconf 45' lang='lat' dir='ltr'><strong>f,</strong></span> 
     </span>
     <span class='ocr_line' id='line_1_47' title="bbox 193 4425 2725 4515; baseline 0.002 -24"><span class='ocrx_word' id='word_1_395' title='bbox 193 4436 251 4491; x_wconf 85' lang='lat' dir='ltr'><strong>et</strong></span> <span class='ocrx_word' id='word_1_396' title='bbox 311 4425 681 4513; x_wconf 67' lang='lat' dir='ltr'><strong>apostolica</strong></span> <span class='ocrx_word' id='word_1_397' title='bbox 746 4428 960 4497; x_wconf 89' lang='lat' dir='ltr'><strong>fretus</strong></span> <span class='ocrx_word' id='word_1_398' title='bbox 1029 4427 1476 4506; x_wconf 77' lang='lat' dir='ltr'><strong>auctoritate,</strong></span> <span class='ocrx_word' id='word_1_399' title='bbox 1567 4426 1870 4515; x_wconf 87' lang='lat' dir='ltr'><strong>primum</strong></span> <span class='ocrx_word' id='word_1_400' title='bbox 1947 4447 2157 4496; x_wconf 78' lang='lat' dir='ltr'><strong>novae</strong></span> <span class='ocrx_word' id='word_1_401' title='bbox 2218 4426 2725 4497; x_wconf 81' lang='lat' dir='ltr'><strong>reformationis</strong></span> 
     </span>
    </p>
   </div>
  </div>
 </body>
</html>
