3347 4999
198 325 375 391 OCT.
434 325 515 389 ⁴8
1128 342 1206 386 DE
1256 341 1313 386 s,
1366 338 1624 387 uoNomz
1672 342 1862 388 mar.
2540 277 2680 395 545*

199 450 278 496 ac
322 426 560 495 matris
597 425 706 494 Dei
740 435 1237 505 consecratam,
1272 424 1359 493 ab
1391 424 1582 493 omni
1620 425 1974 494 exactione
2010 425 2322 497 liberam.
2364 432 2756 522 Episcopali

199 516 621 595 auctoritate,
679 515 747 582 in
800 536 927 583 sua
961 512 1367 602 provinciali
1403 514 1694 601 synod0,
1754 527 2082 604 perpetuo
2131 538 2281 585 esse
2321 518 2641 589 decrevit.
2683 526 2760 590 Et

197 627 283 674 ne
306 627 385 673 ex
416 618 578 673 tunc
621 604 885 672 deesset
922 602 1227 672 officium
1271 601 1692 672 sacerdotale
1728 603 1796 671 in
1832 602 2119 673 ecclesia
2163 609 2463 695 Hoyensi
2503 622 2568 678 et
2597 610 2759 679 villa

197 695 506 775 Amania,
546 692 632 762 ad
683 691 1212 781 persolvendum
1265 690 1578 760 divinum
1631 690 1937 761 officium
1991 694 2378 764 sacerdotes
2429 697 2749 779 instituit,

197 783 315 869 qui
357 805 479 872 per
521 783 703 851 vices
752 780 882 850 sibi
938 791 1178 850 mutuo
1231 779 1678 849 succedentes
1727 781 2090 851 Missarum
2127 782 2463 853 solemnia
2499 786 2582 854 ad
2636 787 2757 857 ho-

200 894 431 941 norem
479 869 812 961 praedicti
862 868 1202 958 Martyris‚
1260 874 1391 937 Deo
1442 869 1945 957 persolverent,
2007 892 2370 959 quousque
2427 896 2549 963 per
2591 887 2757 945 tem-

196 961 384 1051 poris
434 958 792 1029 intervalla
841 958 1078 1027 eadem
1118 957 1407 1027 ecclesia
1438 980 1515 1026 ex
1553 957 1862 1028 fidelium
1917 958 2286 1030 donatione
2336 963 2703 1051 proficiens
2735 1019 2750 1044 ‚

195 1050 496 1140 propriis
526 1048 889 1137 stipendiis
915 1046 1137 1116 cultui
1169 1046 1403 1116 divino
1430 1046 1796 1116 sufficeret.
1838 1052 2018 1117 Haec
2049 1062 2276 1119 autem
2309 1052 2757 1121 sacerdotalis

196 1138 543 1209 successio
594 1137 829 1207 eodem
887 1137 956 1204 in
1001 1135 1149 1204 loco
1189 1134 1463 1205 duravit
1512 1158 1550 1204 a
1594 1150 1897 1226 tempore
1955 1142 2024 1205 D.
2080 1140 2369 1209 Joannis
2423 1140 2756 1230 praedicti

195 1227 513 1318 Episcopi
563 1249 787 1312 usque
846 1225 929 1293 ad
1000 1237 1272 1312 tempus
1321 1225 1548 1314 Pipini
1599 1230 1742 1305 111,
1795 1226 1918 1313 qui
1975 1247 2265 1317 regnum
2332 1234 2755 1299 Francorum

190 1317 510 1405 adeptus,
566 1314 927 1384 deficiente
976 1314 1162 1402 regia
1203 1314 1413 1403 stirpe
1456 1312 1804 1394 Clodovei,
1844 1338 1885 1383 a
1917 1320 2099 1416 Papa
2139 1316 2463 1387 Zacharia
2496 1332 2754 1390 unctus

191 1407 394 1475 estin
435 1409 686 1495 Regem
737 1404 823 1472 ob
872 1401 1338 1471 defensionem
1379 1408 1726 1471 Romanae
1776 1403 2139 1473 Ecclesiae.
2196 1407 2321 1476 Hic
2368 1408 2595 1494 itaque
2644 1409 2756 1477 Pi-

194 1494 407 1584 pinus
458 1500 617 1564 Rex.
672 1492 836 1561 dum
877 1493 1053 1560 inter
1087 1491 1478 1560 venandum
1533 1490 2097 1562 Arduennensem
2200 1495 2600 1566 erlustraret
2632 1497 2754 1566 sil-

192 1606 377 1661 vam‚
422 1588 552 1651 Deo
585 1580 992 1671 disponente
1022 1580 1103 1649 ad
1138 1579 1497 1651 ecclesiam
1534 1580 1756 1649 sancti
1792 1582 2104 1651 Mononis
2185 1585 2430 1666 evenit,
2463 1607 2754 1672 eamque

184 1673 299 1763 (ut
346 1685 492 1740 erat
527 1672 627 1738 vir
676 1670 908 1759 magni
951 1669 1235 1737 affectus
1283 1691 1445 1759 erga
1494 1673 1706 1737 Deum
1741 1682 1805 1739 et
1841 1675 2122 1740 Sanctos
2156 1673 2338 1762 ejus)
2369 1673 2753 1745 devotionis

192 1765 408 1830 causa
457 1771 781 1829 oraturus
849 1758 1147 1827 intravit.
1201 1758 1378 1839 Qui,
1451 1758 1551 1826 vis
1612 1757 2108 1828 miraculorum
2180 1763 2626 1832 monimentis
2674 1786 2754 1834 ex

187 1850 634 1918 infirmorum
689 1848 1046 1916 curatione
1093 1845 1350 1915 ibidem
1403 1845 1684 1927 relictiS,
1739 1870 2181 1937 summopere
2221 1851 2605 1921 admiratus
2652 1865 2754 1922 est

186 1939 409 2009 sancti
473 1937 790 2024 Martyris
841 1937 1168 2016 v‘irtutes;
1222 1958 1301 2004 ac
1354 1948 1693 2025 prostrato
1751 1958 2082 2026 corpore,
2148 1939 2384 2009 devote
2431 1942 2752 2011 exorabat

180 2028 334 2116 ejus
363 2027 554 2113 apud
588 2030 797 2094 Deum
844 2025 1196 2112 suffragia.
1230 2028 1444 2110 Atque
1482 2037 1559 2094 ut
1594 2024 1849 2093 ibidem
1888 2025 2304 2115 relinqueret
2347 2031 2751 2099 memoriam

185 2117 293 2187 sui
350 2114 608 2203 regalis
639 2114 982 2195 beneficii,
1024 2135 1144 2203 per
1178 2112 1437 2202 pileum
1489 2112 1673 2200 quod
1715 2115 1937 2202 capite
1971 2117 2318 2204 gestabat,
2355 2140 2526 2188 auro
2558 2141 2752 2210 gem-

185 2205 467 2289 misque
514 2210 899 2285 {ornatum‚
967 2224 1209 2273 omnes
1270 2201 1577 2270 decimas
1632 2224 1807 2288 quas
1859 2203 2154 2274 habebat
2220 2207 2396 2277 inter
2459 2209 2751 2278 fluvium

187 2298 424 2361 Urtam
479 2305 546 2361 et
598 2292 876 2374 Letiam,
935 2302 1261 2381 perpetuo
1301 2291 1461 2381 jure
1512 2290 1794 2360 tradidit
1841 2292 2039 2362 beato
2081 2297 2352 2365 Mononi
2391 2297 2751 2387 possiden-

182 2381 314 2451 das
356 2380 412 2446 ⁴⁹.
470 2386 849 2470 Ipsumque
900 2379 1184 2469 pileum,
1240 2379 1308 2448 in
1364 2380 1831 2449 testimonium
1873 2382 2082 2471 hujus
2135 2384 2522 2476 largitionis
2554 2409 2745 2466 suae,

184 2470 257 2540 in
309 2468 549 2540 eodem
589 2468 736 2539 loco
771 2469 1186 2539 servandum
1228 2468 1525 2556 reliquit.
1579 2472 1794 2558 Atque
1830 2472 2074 2541 exinde
2113 2473 2287 2544 sacta
2328 2488 2430 2546 est
2462 2475 2750 2545 ecclesia

182 2559 573 2650 collegiata,
620 2559 1011 2629 constitutis
1051 2558 1307 2628 ibidem
1361 2559 1726 2629 Canonicis
1756 2614 1775 2640 ,
1834 2561 1956 2649 qui
2015 2574 2321 2651 tempore
2368 2565 2624 2635 diurno
2671 2589 2750 2634 ac

184 2662 528 2719 nocturno
594 2647 1055 2738 persolverent
1120 2646 1288 2717 odas
1354 2649 1639 2716 Domino
1676 2704 1691 2727 ‚
1755 2649 2040 2737 ejusque
2102 2653 2402 2742 glorioso
2467 2655 2748 2742 Martyri

182 2738 464 2808 Mononi
496 2792 511 2818 ‚
565 2750 838 2806 orantes
889 2759 1011 2826 pro
1060 2736 1242 2805 felici
1303 2747 1483 2806 statu
1542 2738 1739 2837 regni
1789 2744 2209 2810 Francorum
2245 2797 2259 2823 ,
2317 2742 2749 2828 maximeque

183 2850 310 2918 pro
364 2827 585 2897 salute
624 2826 830 2916 Regis
877 2825 1129 2915 Pipini,
1184 2825 1390 2912 cujus
1443 2827 1920 2896 munificentia
1953 2828 2180 2900 dotata
2222 2843 2323 2899 est
2354 2844 2419 2899 et
2457 2830 2751 2899 exaltata

178 2917 428 2986 eadem
464 2915 754 2986 ecclesia
787 2939 800 2982 :
844 2927 1230 3005 praestante
1263 2927 1328 2984 et
1360 2914 1730 3004 adjuvante
1766 2917 2052 2986 Domino
2096 2933 2328 2988 nostro
2360 2919 2523 2988 Jesu
2557 2918 2747 2987 Chri-

182 3020 315 3088 ste,
354 3005 474 3093 qui
516 3027 678 3074 cum
721 3010 914 3074 Patre
946 3017 1011 3073 et
1045 3004 1307 3094 Spiritu
1342 3007 1587 3073 Sancto
1620 3017 1860 3094 regnat
1897 3011 2072 3075 Deus
2106 3007 2173 3075 in
2211 3009 2446 3076 omnia
2483 3006 2740 3086 secula,

180 3100 426 3165 Amen.

272 3183 707 3272 Praescripta
756 3183 993 3251 omnia
1025 3192 1396 3251 cantantur
1433 3182 1503 3249 in
1541 3181 1952 3254 lectionibus
1988 3184 2518 3254 matutinalibus
2558 3206 2749 3274 prae-

176 3272 588 3341 nominatae
620 3271 949 3340 ecclesiae
985 3272 1204 3340 sancti
1244 3270 1580 3349 MononiS,
1638 3271 1709 3338 in
1751 3270 1919 3342 festo
1948 3273 2258 3362 ejusdem
2302 3286 2367 3342 et
2407 3297 2525 3363 per
2563 3285 2748 3343 octa·

172 3383 345 3430 vas:
413 3359 893 3446 habenturque
943 3360 1009 3427 in
1055 3359 1232 3428 libro
1291 3358 1685 3429 Lectionum
1727 3382 1805 3429 ex
1842 3383 2255 3452 pergameno
2307 3361 2756 3433 laudabiliter

167 3448 605 3537 conscripta,
650 3448 771 3534 qui
805 3460 1250 3518 conservatur
1293 3448 1363 3516 in
1399 3448 1639 3517 eadem
1685 3449 1976 3520 ecclesia
2010 3451 2478 3522 Nassoniensi.

230 3649 254 3670 ·
288 3642 495 3692 Gallice,
522 3646 680 3686 Ourme
706 3649 753 3684 et
778 3646 949 3689 Leuaa.
972 3643 1079 3692 rivi,
1098 3643 1178 3693 qui
1201 3653 1255 3683 ex
1277 3643 1528 3685 Arduenna
1550 3641 1667 3685 silva
1686 3645 1968 3688 scaturiunt.

356 4528 596 4586 surius
624 4557 648 4574 ·
689 4526 857 4589 Vitae
885 4528 986 4593 SS.
1018 4563 1046 4579 ·
1080 4530 1211 4595 vol.
1242 4530 1313 4596 X.
2521 4543 2597 4604 35
