3347 4999
744 347 866 410 ⁴24
1514 361 1592 407 nr„
1640 361 1696 407 s.
1751 357 2094 407 manusco
2143 358 2327 406 conr.
2932 336 3132 404 OCT.
3195 337 3234 400 4

653 450 722 518 in
775 448 1201 517 orationibus
1251 445 1514 536 vigiles,
1571 447 1639 513 in
1693 444 2051 515 laboribus
2098 442 2396 523 strenui,
2451 430 2522 511 i'n
2573 441 3020 542 sermonibus
3079 461 3237 508 mo-

652 538 851 615 desti,
907 536 973 604 in
1029 536 1339 604 moribus
1387 555 1651 623 graves,
1706 534 1870 602 etin
1915 532 2269 602 beneficiis
2302 531 2502 621 grati,
2548 552 2715 617 quia
2757 551 2878 620 pro
2912 529 3031 598 his
3071 550 3236 597 om-

654 626 862 695 nibus
903 646 1192 723 regnum
1247 623 1437 693 vobis
1487 634 1941 712 praeparatur
1990 635 2372 690 aeternum.
2414 644 2447 685 »
2498 625 2575 688 At
2608 618 2705 687 illi
2743 640 2978 688 coram
3021 638 3237 686 servo

654 714 770 784 Dei
819 712 1175 784 humiliter
1231 734 1303 782 se
1366 723 1873 812 prosternentes
1921 711 1992 779 in
2045 723 2337 789 terram,
2390 731 2546 778 cum
2603 707 2858 797 gaudio
2914 730 2950 777 s
3011 706 3236 775 iritus

653 802 1123 891 suscipiebant
1185 800 1616 870 obedientiae
1681 813 1961 869 sanctae
2025 798 2454 867 mandatum.
2510 801 2664 886 Ipse
2729 818 2883 865 vero
2991 795 3237 866 icebat

648 891 1027 977 unicuique
1074 889 1477 980 singulatim
1513 913 1527 956 :
1579 895 1781 959 ,lacta
1813 891 2182 979 ch-italum
2216 899 2406 956 tuum
2441 889 2512 956 in
2549 887 2843 964 Domirw,
2878 896 2945 954 et
2980 887 3143 975 ipse
3177 896 3238 952 te

652 982 939 1049 enutriet
970 981 1186 1068 (Psal.
1225 978 1364 1067 54).
1398 983 1539 1047 Hoc
1572 978 1856 1048 verbum
1890 978 2117 1046 dicere
2147 975 2391 1045 solitus
2421 987 2586 1051 erat,
2632 974 3236 1062 quotiescumque

653 1071 930 1139 fratrem
982 1067 1283 1155 aliquem
1342 1066 1427 1135 ad
1477 1067 1936 1136 obedientiam
1997 1065 2360 1152 dirigebat.
2425 1069 2614 1133 Tunc
2670 1076 2736 1133 et
2784 1063 2934 1152 ipse
2988 1063 3237 1132 sciens

653 1181 723 1227 se
756 1158 992 1227 datum
1029 1156 1185 1226 aliis
1220 1157 1289 1225 in
1328 1155 1749 1245 exemplum,
1784 1167 1861 1225 ut
1913 1156 2106 1245 prius
2140 1152 2410 1233 faceret,
2446 1174 2654 1239 quam
2707 1152 3013 1232 doceret,
3062 1174 3234 1222 cum

655 1257 798 1316 uno
849 1246 1190 1315 sociorum
1246 1267 1485 1313 versus
1531 1266 1745 1314 unam
1804 1244 1992 1314 orbis
2043 1256 2300 1333 partem
2359 1242 2696 1330 perrexit,
2755 1240 3062 1328 reliquis
3117 1262 3239 1310 sex

653 1336 735 1404 ad
777 1336 1060 1404 modum
1096 1334 1354 1412 CruciS,
1412 1333 1632 1402 tribus
1682 1332 1840 1402 aliis
1888 1332 2135 1401 mundi
2189 1332 2501 1422 partibus
2534 1329 2905 1421 deputatis
2949 1329 3236 1398 Modico

614 1440 879 1493 ‘autem
932 1423 1167 1512 elapso
1199 1436 1348 1512 post
1384 1435 1711 1511 tempore,
1756 1422 2104 1511 benignus
2159 1435 2347 1510 pater
2380 1441 2582 1489 carae
2622 1418 2835 1510 prolis
2875 1432 3237 1507 exoptans

658 1513 1141 1604 praesentiam,
1187 1532 1347 1581 cum
1380 1511 1709 1580 inunum
1759 1533 1875 1580 eos
1925 1532 2047 1600 per
2079 1531 2148 1578 se
2198 1531 2572 1578 convocare
2607 1529 2739 1578 non
2796 1521 3068 1595 posset,
3115 1529 3235 1597 per

606 1623 813 1689 ,eum
859 1601 1098 1671 orabat
1137 1601 1264 1669 hoc
1305 1599 1478 1680 fieri,
1525 1600 1647 1687 qui
1683 1598 2147 1689 dispersiones
2186 1611 2559 1689 congregat
2606 1596 2906 1667 Israelis.
2971 1597 3236 1683 Sicque

655 1691 909 1759 factum
962 1702 1086 1770 est,
1141 1701 1215 1758 ut
1263 1689 1521 1775 absque
1554 1688 1865 1757 humana
1917 1689 2264 1757 vocatione
2312 1709 2553 1756 omnes
2591 1687 3042 1775 exinsperato
3083 1699 3237 1775 post

660 1778 1006 1847 modicum
1061 1778 1436 1866 temporis,
1482 1778 1679 1867 juxta
1726 1778 1877 1868 ejus
1926 1776 2346 1846 desiderium
2416 1776 2649 1844 divina
2700 1787 3044 1864 operante
3101 1775 3235 1843 cle·

657 1869 935 1944 mentia,
992 1889 1125 1936 non
1178 1867 1327 1935 sine
1379 1868 1689 1955 ipsorum
1741 1865 2198 1935 admiratione
2248 1865 2502 1953 pariter
2538 1864 3022 1934 convenirent.
3086 1864 3234 1932 Illis

654 1978 932 2043 quoque
962 1955 1233 2037 diebuS‚
1272 1969 1571 2042 quatuor
1604 1955 1734 2024 sibi
1771 1955 2310 2024 adhaerentibus
2346 1954 2511 2023 viris
2544 1953 2872 2032 honestis,
2913 1952 3008 2020 ad
3053 1954 3234 2022 duo-

655 2047 1019 2114 denarium
1059 2066 1426 2114 numerum
1470 2057 1938 2113 excreverunt.

624 2157 627 2158 ’
743 2138 779 2220 ξ
826 2138 976 2206 19.
1033 2138 1328 2202 Cernens
1377 2147 1604 2202 autem
1656 2132 1965 2202 famulus
1998 2132 2244 2200 Christi
2279 2132 2608 2220 paulatim
2662 2151 3072 2198 accrescere
3112 2152 3233 2199 nu-

658 2245 921 2292 merum
976 2222 1289 2304 fratrum,
1340 2222 1621 2311 scripsit
1669 2221 1801 2290 sibi
1851 2234 1915 2289 et
1964 2219 2292 2289 fratribus
2323 2220 2470 2288 suis
2504 2217 2948 2309 simplicibus
2989 2221 3230 2288 verbis

655 2311 1021 2380 formulam
1076 2311 1271 2386 vitae,
1330 2310 1397 2379 in
1446 2332 1583 2397 qua
1633 2311 1852 2379 sancti
1902 2308 2249 2399 Evangelii
2298 2307 2733 2390 observantia
2790 2329 2915 2397 pro
2961 2306 3233 2377 funda-

658 2412 886 2469 mento
936 2399 1401 2469 indissolubili
1450 2398 1804 2478 collocata,
1848 2420 2069 2489 pauca
2100 2398 2441 2485 quaedam
2491 2395 2627 2465 alia
2669 2395 2992 2474 inseruit,
3046 2418 3234 2483 quae

655 2487 738 2556 ad
777 2487 1189 2558 uniformem
1228 2487 1497 2558 vivendi
1550 2487 1830 2558 modum
1877 2486 2259 2557 necessaria
2312 2485 2741 2556 videbantur.
2797 2484 3230 2555 Desiderans

654 2588 880 2646 autem
921 2599 1039 2667 per
1068 2599 1423 2647 summum
1475 2577 1875 2647 Pontificem
1912 2576 2277 2666 approbari
2316 2598 2493 2662 quae
2541 2576 2937 2665 scripserat,
2981 2574 3230 2666 dispo-

656 2667 795 2736 suit
859 2688 1016 2735 cum
1071 2665 1191 2735 illo
1241 2665 1666 2754 simplicium
1718 2677 1962 2747 coetu,
2016 2664 2440 2755 Apostolicae
2497 2663 2690 2734 Sedis
2750 2663 2941 2734 adire
3026 2687 3231 2754 prae—

654 2755 973 2835 sentiam,
1039 2754 1125 2823 de
1182 2754 1328 2824 sola
1386 2754 1692 2823 confisus
1757 2754 2132 2825 directione
2187 2753 2445 2822 divina.
2517 2753 2723 2841 Cuius
2783 2752 3228 2824 desiderium

656 2849 832 2914 Deus
870 2866 950 2913 ex
991 2843 1126 2913 alto
1171 2843 1568 2933 respiciens,
1613 2843 1957 2913 sociorum
1995 2843 2289 2923 animOS,
2344 2841 2809 2933 simplicitatis
2841 2864 3019 2912 suae
3061 2864 3228 2912 con·
3305 2880 3312 2889 -

656 2932 1073 3002 sideratione
1124 2933 1542 3023 perterritos,
1580 2936 1871 3003 ‘ostensa
1918 2933 2063 3001 viro
2115 2932 2226 3000 Dei
2270 2931 2531 3001 visione
2569 2930 3011 3017 hujusmodi,
3059 2952 3228 3001 con-

655 3022 948 3091 fortavit.
1004 3022 1376 3091 Videbatur
1414 3019 1756 3108 siquidem
1810 3023 1896 3102 ei,
1953 3020 2134 3110 quod
2198 3042 2318 3110 per
2374 3019 2725 3106 quandam
2778 3020 2960 3088 viam
3030 3020 3226 3089 ince—

656 3109 890 3190 deret,
942 3110 1135 3197 juxta
1172 3132 1379 3197 quam
1448 3111 1671 3180 stabat
1733 3110 1940 3181 arbor
1998 3108 2433 3179 celsitudinis
2476 3130 2788 3210 magnae.
2843 3108 2935 3177 Ad
2999 3130 3223 3196 quam

655 3220 814 3267 cum
868 3200 1515 3290 appropinquasset.
1569 3211 1634 3268 et
1675 3199 1806 3270 sub
1853 3220 1932 3269 ea
1986 3212 2199 3277 stans,
2238 3198 2463 3287 ipsius
2504 3196 2941 3267 altitudinem
3001 3198 3224 3267 mira-

658 3300 865 3365 retur,
912 3287 1138 3357 subito
1179 3299 1444 3357 tantum
1496 3288 1730 3357 divina
1764 3288 2011 3357 virtute
2063 3286 2416 3357 levabatur
2446 3286 2514 3355 in
2559 3285 2718 3367 alto,
2761 3298 2838 3356 ut
2871 3289 3220 3356 cacumen

655 3376 1082 3465 contingeret
1128 3376 1440 3456 arboriS‚
1485 3377 1773 3467 ejusque
1833 3397 2109 3448 summa
2166 3374 2494 3445 facillime
2552 3386 2867 3444 curvaret
2895 3375 2990 3443 ‘ad
3047 3376 3216 3445 ima.

656 3464 878 3552 Hujus
928 3465 1213 3534 visionis
1273 3466 1708 3555 praesagium
1761 3466 1864 3534 vir
1912 3469 2043 3534 Deo
2096 3463 2342 3553 plenus
2391 3464 2782 3551 intelligens
2834 3462 3076 3534 referri
3133 3464 3221 3534 ad

655 3551 1305 3623 condescensionem
1358 3554 1780 3642 Apostolicae
1827 3553 2185 3643 dignitatis
2215 3607 2235 3634 ,
2297 3552 2719 3624 exhilaratus
2766 3566 2869 3621 est
2909 3552 3217 3641 spiritu:

654 3641 1123 3728 fratribusque
1173 3643 1320 3711 suis
1369 3643 1437 3710 in
1492 3643 1780 3711 Domino
1837 3641 2276 3720 confortatis,
2332 3642 2460 3710 iter
2505 3642 2797 3713 cumeis
2837 3663 3224 3731 aggressus

653 3744 774 3799 est.
817 3734 984 3799 Cum
1020 3743 1246 3800 autem
1291 3731 1375 3800 ad
1429 3735 1810 3800 Romanam
1860 3732 2139 3820 curiam*
2167 3731 2608 3820 pervenisset,
2653 3744 2718 3798 et
2747 3728 3224 3800 adduceretur

657 3832 813 3888 ante
846 3831 1293 3908 conspectum
1352 3820 1609 3889 summi
1662 3818 2063 3889 Pontificis:
2115 3831 2431 3906 essetque
2488 3819 2735 3890 Christi
2775 3819 3095 3888 vicarius
3147 3822 3224 3889 in

656 3908 909 3997 palatio
959 3909 1418 3987 Lateranensi,
1460 3908 1526 3976 in
1581 3908 1730 3978 loco
1777 3908 1901 3995 qui
1948 3908 2205 3978 dicitur
2253 3906 2653 3999 Speculum,
2695 3907 3217 3990 deambulans,

652 3996 810 4067 altis
858 4010 1239 4087 occupatus
1291 3996 1876 4077 meditationibuS,
1918 3997 2161 4067 Christi
2215 3995 2558 4067 famulum
2612 4009 2962 4083 tamquam
3019 3998 3227 4087 igno·

654 4099 844 4166 tum,
900 4085 1152 4175 repulit
1201 4085 1666 4176 indignanter.
1722 4090 1869 4168 Quo
1919 4085 2274 4155 humiliter
2307 4084 2489 4155 foras
2541 4106 2841 4175 egress0,
2896 4088 3228 4173 sequenti

654 4186 849 4243 nocte
883 4173 1280 4261 hujusmodi
1309 4174 1627 4244 revelatio
1666 4174 1842 4244 facta
1876 4186 1979 4244 est
2007 4196 2046 4243 a
2074 4180 2206 4244 Deo
2244 4175 2380 4266 ipsi
2419 4195 2694 4244 summo
2731 4174 3076 4244 Pontifici.
3112 4177 3228 4244 Vi·

652 4262 856 4332 debat
896 4285 1194 4350 namque
1245 4264 1418 4332 inter
1471 4263 1676 4352 pedes
1715 4284 1879 4334 suos
1916 4262 2216 4352 palmam
2271 4263 2602 4355 paulatim
2648 4274 3118 4343 succrescere,
3163 4277 3230 4335 et

654 4352 724 4419 in
776 4353 1089 4420 arborem
1132 4351 1668 4442 pulcherrimam
1702 4352 1976 4422 elevari.
2031 4357 2108 4422 Et
2136 4375 2215 4422 eo
2250 4352 2567 4433 mirante,
2607 4351 2776 4438 quid
2818 4351 2989 4422 haec
3047 4354 3228 4424 visio

574 4506 579 4507 a
652 4438 851 4509 vellet
898 4439 1278 4519 ostendere,
1336 4440 1563 4509 divina
1601 4441 1718 4509 lux
1753 4441 2105 4531 impressit
2143 4441 2353 4509 menti
2389 4440 2611 4530 ipsius
2646 4440 2890 4509 Christi
2923 4441 3221 4529 vicarii,
