3347 4999
155 344 325 411 OCT.
383 348 468 411 25
778 365 857 411 nit
906 364 998 411 ss.
1052 363 1463 412 cnarsAN‘rno
1512 365 1589 410 m·
1633 365 1827 411 nimia
1875 364 2065 411 naar.
2484 348 2612 411 707

157 447 421 520 fructus
457 450 702 520 uberes
752 449 1041 520 reddet?
1086 454 1321 520 Nonne
1369 448 1470 518 illi
1514 449 1636 536 qui
1683 470 1833 518 eam
1884 449 2055 518 citra
2096 448 2315 518 ullam
2359 449 2704 520 adoratio-

156 557 309 607 nem
359 542 676 626 exercet?
720 543 797 608 At
848 539 919 607 ui
948 593 964 619 ,
1019 538 1075 607 si
1124 538 1251 607 dea
1299 549 1423 618 est,
1480 550 1557 607 ut
1602 538 1931 616 asseritis,
1990 537 2376 607 cultoribus
2423 552 2489 608 et
2534 539 2701 609 ado-

154 627 496 697 ratoribus
546 628 692 699 suis
740 627 826 696 de
876 640 1017 697 eret
1063 627 1297 696 omnia
1345 626 1525 696 bona
1560 625 1824 717 largiri.
1879 631 2271 716 Neptunum
2323 626 2587 708 itidem,
2643 628 2704 698 si

149 714 427 800 quidem
478 732 580 786 est
642 716 816 785 deus
846 771 861 797 ,
915 717 1014 787 sic
1063 715 1351 795 adores,
1430 727 1505 784 ut
1553 715 1845 785 hiberno
1894 727 2200 803 tempore
2251 715 2585 806 naviges:
2638 729 2704 787 et

149 803 339 874 cultu
388 819 593 893 atque
633 804 1053 884 adoratione,
1111 826 1244 873 non
1288 817 1514 873 autem
1568 804 1984 893 piscatione,
2037 803 2421 885 confidens,
2478 804 2703 895 pisces

149 907 559 982 exspectato.
609 894 800 964 Alius
847 906 1076 963 autem
1112 893 1530 963 elementum
1585 892 2072 970 inanimatum,
2113 906 2318 979 atque
2352 893 2545 962 omni
2595 893 2700 962 di-

149 980 305 1051 vino
356 983 616 1052 honore
667 994 856 1072 putet
902 981 1320 1073 indignum;
1388 981 1505 1050 sed
1555 995 1946 1072 opportuno
2009 995 2310 1072 tempore
2371 982 2703 1055 fluctibus

150 1090 296 1140 sese
336 1072 751 1153 committat,
804 1083 870 1141 et
916 1072 1312 1151 obsonium,
1368 1092 1500 1141 non
1540 1093 1728 1140 mare
1761 1069 2139 1150 adorando,
2196 1070 2315 1140 sed
2371 1071 2702 1160 piscando

148 1162 535 1247 conquirat.
591 1161 733 1229 Utri
828 1181 1103 1250 rospere
1135 1181 1484 1230 cessuram
1525 1160 2057 1250 navigationem,
2095 1172 2215 1229 aut
2250 1160 2699 1249 piscationem

150 1250 413 1334 putas?
459 1254 694 1335 Nonne
743 1183 844 1318 iili
893 1249 1013 1335 qui
1064 1262 1242 1318 recte
1290 1261 1356 1318 et
1400 1270 1488 1338 op
1541 1261 1786 1318 ortune
1822 1270 2079 1317 munus
2112 1247 2282 1317 illud
2342 1249 2702 1340 aggredie-

146 1341 313 1406 tur?
362 1338 549 1406 Idem
600 1338 685 1408 de
735 1337 1018 1425 reliquis
1065 1337 1424 1407 elementis
1526 1337 1851 1407 icendum
1910 1349 2034 1406 est.
2087 1336 2268 1406 Nihil
2316 1340 2499 1406 enim
2554 1339 2702 1408 suis

146 1425 451 1496 tribuent
497 1426 999 1507 adoratoribu5‚
1044 1427 1304 1516 quippe
1342 1448 1519 1514 quae
1571 1447 1703 1495 non
1759 1438 1949 1496 motu
2000 1426 2301 1516 proprio,
2356 1426 2473 1495 sed
2528 1440 2703 1497 nutu

145 1511 382 1586 divino
449 1515 811 1586 hominum
880 1515 1402 1585 necessitatibus
1456 1516 1785 1585 serviunt.
1855 1520 2021 1585 Nam
2095 1515 2203 1582 Dei
2253 1515 2457 1603 jussu
2524 1528 2699 1585 terra

144 1602 313 1675 solis
363 1603 589 1674 calore
635 1604 960 1695 concipit,
1013 1617 1078 1673 et
1123 1604 1290 1673 coeli
1347 1603 1769 1694 pinguedine
1816 1603 2134 1694 gramina
2166 1615 2231 1673 et
2268 1603 2541 1693 plantae
2575 1625 2699 1673 nu·

146 1691 475 1773 triuntur,
510 1707 576 1763 et
612 1693 1040 1784 temporibus
1087 1714 1176 1782 op
1230 1693 1499 1763 ortunis
1531 1706 1898 1782 augentur,
1936 1704 2001 1762 et
2031 1691 2267 1781 fruges
2297 1690 2699 1780 fructusque

144 1777 401 1852 ferunt.
433 1781 891 1865 Quamobrem
948 1781 1062 1850 ille
1102 1803 1178 1851 so
1209 1804 1292 1851 us
1342 1781 1584 1850 merito
1617 1780 1954 1852 colendus
2007 1794 2072 1851 et
2132 1780 2527 1850 adorandus
2569 1794 2694 1863 est,

142 1870 266 1953 qui
317 1871 610 1962 largitur
657 1872 825 1940 haec
874 1872 1143 1940 omnia:
1202 1893 1335 1940 non
1388 1881 1615 1940 autem
1671 1892 1779 1939 res
1826 1870 2058 1959 ipsae,
2110 1890 2287 1956 quae
2349 1870 2552 1940 nobis
2610 1870 2698 1940 ab

142 1976 222 2025 eo
272 1958 644 2042 donantur,
710 1959 1104 2031 adorandae
1178 1973 1361 2030 sunt.
1416 1964 1644 2045 Neque
1691 1958 1877 2027 enim
1930 1958 2311 2028 litterarum
2361 1957 2699 2029 elementa

142 2043 501 2140 discipuli,
560 2070 686 2118 nec
745 2048 1017 2118 tabulas
1066 2061 1184 2117 aut
1245 2048 1492 2128 libroS‚
1561 2047 1677 2117 sed
1734 2060 2207 2137 praeceptores
2267 2048 2454 2137 ipsos
2501 2070 2698 2117 vene-

144 2150 411 2207 rantur.
465 2144 596 2209 Nec
634 2137 950 2207 homines
999 2137 1212 2226 aegri,
1266 2157 1422 2205 cum
1476 2157 1515 2204 a
1567 2136 1806 2205 morbo
1855 2135 2111 2205 fuerint
2145 2135 2435 2217 liberati,
2481 2137 2698 2208 medi-

141 2227 481 2296 camentis
530 2238 651 2296 aut
698 2224 901 2306 ferro,
961 2225 1076 2295 sed
1130 2225 1147 2292 i
1206 2226 1262 2295 si
1315 2223 1582 2294 medico
1633 2223 1960 2294 honorem
2010 2224 2292 2294 habent.
2332 2248 2368 2292 »

232 2315 269 2399 ἓ
318 2320 478 2387 ss).
533 2314 967 2403 Chrysantho
998 2314 1088 2382 ita
1178 2314 1526 2393 isserente,
1552 2312 1849 2382 credidit
1874 2316 2195 2383 DariaAEt
2222 2312 2307 2383 de
2336 2317 2696 2385 communi

142 2403 486 2472 sententia
533 2403 1062 2481 constituerunt,
1117 2417 1193 2470 ut
1239 2402 1643 2492 'conjugium
1696 2402 1876 2472 inter
1909 2425 1981 2472 se
2019 2425 2169 2473 esse
2207 2402 2538 2485 dicerent;
2575 2404 2693 2474 sed

143 2501 374 2560 tainen
424 2491 493 2560 in
540 2492 782 2561 timore
829 2492 941 2562 Dei
998 2489 1455 2583 virginitatem
1508 2506 1879 2563 servarent.
1927 2495 2092 2563 Cum
2129 2492 2340 2582 igitur
2387 2493 2520 2563 sub
2551 2514 2695 2562 ma-

143 2577 452 2649 trimonii
506 2580 784 2651 nomine
833 2580 1307 2683 Chrysanthus
1339 2580 1484 2668 jam
1538 2580 1793 2651 libente
1842 2593 2035 2672 patre
2082 2580 2259 2651 liber
2305 2594 2506 2662 esset,
2565 2586 2694 2651 Da-

140 2668 317 2738 riam
355 2669 542 2739 domi
592 2691 755 2739 suae
796 2669 1277 2759 baptizandam
1313 2669 1601 2741 curavit.
1656 2674 1867 2753 Quae,
1912 2682 2233 2760 suscepto
2277 2668 2696 2760 virginitatis

143 2756 315 2839 velo,
373 2760 562 2849 virgo
602 2759 1039 2829 sanctissima
1068 2758 1231 2828 fuit:
1276 2761 1613 2860 etexiguo
1662 2760 1992 2850 temporis
2032 2759 2255 2848 spatio
2296 2759 2694 2848 Scripturas

140 2843 415 2919 divinas
448 2869 689 2917 omnes
737 2847 1002 2918 didicit.
1042 2848 1372 2918 Benevole
1397 2848 1611 2938 igitur
1660 2848 1840 2917 inter
1863 2869 1934 2917 se
1981 2869 2116 2917 non
2169 2869 2497 2937 corporea
2528 2868 2694 2918 con-

130 2933 516 3021 junctione,
573 2937 688 3007 sed
734 2938 1032 3027 Spiritus
1067 2937 1296 3008 Sancti
1347 2937 1690 3017 societate,
1729 2936 2200 3006 versabantur.
2233 2941 2311 3005 Et
2356 2936 2693 3023 quemad-

141 3024 426 3094 modum
473 3047 592 3115 per
627 3025 1137 3117 Chrysanthum
1190 3024 1727 3096 innumerabilis
1776 3025 2080 3095 virorum
2132 3023 2529 3105 multitud0,
2588 3025 2691 3095 sic

141 3133 263 3200 per
312 3118 584 3183 Dar-lam
626 3115 1056 3185 incredibilis
1104 3114 1520 3184 feminarum
1574 3135 1908 3183 numerus
1956 3113 2042 3183 ad
2093 3112 2342 3183 Christi
2392 3113 2690 3215 gratiam

138 3203 617 3284 concurrebat,
670 3217 736 3272 et
786 3204 1037 3274 multae
1081 3205 1404 3294 virgines,
1452 3202 1765 3273 dimissis
1814 3203 2112 3292 sponsiS,
2165 3224 2314 3271 sese
2362 3202 2694 3273 dicabant

138 3292 431 3359 Christo.
487 3291 676 3361 Multi
703 3292 857 3361 item
895 3291 1384 3371 adolescenteS,
1438 3291 1687 3380 spretis
1740 3290 1983 3359 mundi
2034 3290 2326 3372 deliciis,
2366 3314 2445 3360 ac
2496 3290 2692 3362 volu-

136 3378 448 3468 ptatibus
496 3381 863 3469 superatiS,
894 3381 1411 3466 castitatemque
1440 3379 1806 3469 complexi,
1839 3379 2059 3449 eidem
2112 3379 2375 3450 Christo
2425 3402 2497 3450 se
2527 3402 2693 3451 con·

139 3467 522 3538 secrabant.
564 3472 915 3538 Caeterum
972 3468 1038 3537 in
1090 3468 1361 3538 civitate
1398 3467 1644 3538 seditio
1680 3481 1958 3559 repente
2000 3480 2144 3538 orta
2196 3483 2320 3551 est,
2373 3469 2689 3560 publice·

134 3577 271 3712 que
309 3555 611 3646 populus
659 3557 1041 3626 Celerinum
1081 3562 1464 3627 Praetorem
1514 3556 1682 3627 adit.
1737 3556 2047 3627 Clamant
2081 3557 2573 3641 adolescentes,
2613 3580 2687 3628 se

182 3666 520 3736 esponsas
568 3646 702 3716 sibi
756 3645 1085 3716 mulieres
1136 3658 1413 3736 propter
1490 3648 1762 3715 Darlam
1812 3647 2153 3716 amisisse.
2212 3647 2689 3717 Vociferantur

136 3732 460 3815 feminae,
526 3733 659 3803 sibi
707 3734 1216 3825 Chrysanthum
1272 3736 1556 3805 maritos
1615 3735 1980 3824 eripuisse,
2041 3747 2247 3823 atque
2294 3736 2387 3805 ita
2465 3736 2690 3804 susci-

136 3822 431 3911 piendae
481 3822 694 3912 prolis
742 3845 933 3913 spem
970 3823 1208 3892 adimi.
1255 3823 1505 3894 Odiosa
1548 3824 1763 3913 igitur
1807 3823 2100 3893 crimina
2144 3824 2683 3912 objiciebantur:

132 3925 197 3982 et
246 3934 548 4014 magnus
569 3923 715 3981 erat
754 3913 1096 3982 tumultus
1123 3935 1202 3981 ac
1254 3914 1703 4004 perturbatio.
1744 3918 1980 4000 ltaque
2006 3913 2232 3981 statim
2262 3935 2376 3983 eos
2410 3918 2692 3982 Praetor

131 4002 388 4092 corripi
428 4001 650 4091 jubet,
703 4013 769 4070 et
818 4001 950 4070 nisi
976 4001 1122 4071 diis
1155 4001 1539 4081 immolent,
1591 4002 1799 4071 variis
1839 4002 2194 4070 tormentis
2250 4001 2455 4071 affici.
2509 4006 2687 4071 Tum·

132 4090 607 4180 Chrysanthus
654 4088 939 4160 Claudio
988 4090 1290 4159 Tribuno
1340 4091 1655 4160 traditur.
1711 4089 2038 4160 Claudius
2085 4102 2314 4159 autem
2365 4111 2522 4159 eum
2556 4091 2689 4159 rni-

130 4175 373 4248 litibus
412 4179 659 4248 tradit:
713 4201 750 4246 «
782 4178 1113 4249 Abducite
1175 4201 1360 4260 eum,
1417 4180 1784 4266 inquiens,
1837 4201 1918 4249 ex
1957 4178 2130 4249 urbe
2187 4178 2274 4248 ad
2342 4178 2680 4269 templum

126 4265 351 4335 Jovis:
402 4268 524 4338 ubi
574 4268 632 4337 si
681 4268 936 4338 invicto
983 4267 1262 4339 Herculi
1311 4269 1702 4338 sacrificare
1736 4267 2175 4349 recusaverit,
2235 4268 2441 4337 variis
2487 4290 2680 4347 eum,

130 4354 348 4425 donec
385 4356 827 4447 obtemperet,
882 4358 1307 4428 cruciatibus
1356 4369 1689 4444 torquete.
1730 4380 1766 4425 »
1816 4364 2005 4428 Tunc
2037 4379 2196 4427 eum
2242 4357 2495 4428 milites
2522 4378 2682 4427 ner-

131 4445 229 4515 vis
264 4444 658 4519 madefactis
697 4447 1043 4530 vinciunt,
1100 4459 1174 4518 ut
1236 4445 1375 4519 illis
1422 4448 1936 4535 arescentibuS,
1990 4459 2055 4517 et
2101 4446 2188 4517 ad
2237 4467 2394 4517 ossa
2442 4467 2670 4534 usque
