3347 4999
765 315 881 379 126
1529 334 1605 379 m:
1655 333 1712 379 s,
1767 330 2111 378 raaxcisco
2160 331 2343 410 coar.
2946 313 3149 378 OCT.
3211 317 3248 379 4

660 416 925 505 retulit)
951 421 1470 487 Lateranensem
1526 416 1883 485 basilicam
1937 414 2080 484 sore
2112 416 2493 505 proximam
2521 416 2670 505 jam
2705 416 2975 496 ruinae,
3008 438 3248 503 quarn

661 505 942 593 quidam
999 506 1204 575 homo
1256 505 1747 595 pauperculus,
1787 504 2104 575 modicus
2151 518 2215 573 et
2263 504 2650 595 despectus,
2690 506 2975 594 proprio
3004 506 3242 574 dorso

662 595 1056 674 submisso,
1115 616 1199 664 ne
1245 594 1562 671 caderet,
1610 593 2060 663 sustentabat.
2116 616 2152 659 «
2187 599 2347 661 Vere
2379 648 2394 674 ,
2450 593 2697 679 inquit,
2753 595 2864 662 hic
2912 606 3023 663 est
3085 593 3240 673 ille,

660 684 780 769 qui
830 704 1033 772 opere
1079 695 1143 752 et
1190 681 1498 752 doctrina
1551 682 1800 751 Christi
1850 682 2264 751 sustentabit
2295 681 2693 752 Ecclesiam.
2730 706 2766 747 »
2808 683 2984 752 Inde
3023 705 3247 770 prae-

659 772 864 861 cipua
916 771 1272 841 devotione
1322 772 1665 862 repletus,
1723 771 2032 861 petitioni
2080 772 2232 860 ejus
2281 793 2353 839 se
2403 792 2523 860 per
2570 772 2805 840 omnia
2854 772 3246 841 inclinavit

660 881 739 929 ac
790 860 1035 930 Christi
1089 859 1452 929 Famulum
1504 858 1799 948 spiritali
1849 881 1990 928 sem
2048 882 2122 929 er
2168 881 2403 929 amore
2450 859 2714 932 dilexit.
2768 860 3084 929 Proinde
3122 883 3244 948 po·

658 949 910 1018 stulata
956 949 1320 1029 concessit,
1373 963 1439 1018 et
1485 948 1716 1017 adhuc
1766 970 1976 1017 conce
2030 970 2143 1017 ere
2177 947 2376 1038 plura
2414 948 2752 1037 promisit.
2793 951 3243 1039 Approbavit

658 1039 997 1126 regulam,
1052 1038 1243 1108 dedit
1288 1038 1373 1106 de
1422 1037 1842 1126 poenitentia
1894 1037 2357 1127 praedicanda
2408 1037 2840 1117 mandatum,
2896 1052 2967 1107 et
3027 1038 3243 1107 laicis

657 1126 989 1196 fratribus
1037 1127 1389 1205 omnibuS‚
1427 1125 1547 1213 qui
1580 1132 1862 1195 Servum
1909 1127 2022 1194 Dei
2061 1125 2331 1195 fuerant
2369 1127 2699 1206 comitati,
2724 1125 2893 1196 'fecit
2924 1149 3241 1197 coronas

660 1215 983 1304 parvulas
1033 1215 1182 1284 fieri
1229 1215 1285 1297 ⁴²,
1340 1228 1415 1284 ut
1465 1216 1750 1284 verbum
1803 1215 1918 1284 Dei
1970 1214 2182 1284 libere
2236 1215 2732 1304 praedicarent.

1188 1413 1281 1477 De
1324 1411 1628 1497 profectu
1677 1409 1949 1477 Ordinis
1995 1410 2114 1478 sub
2162 1432 2373 1478 manu
2421 1412 2669 1500 ἱρείας,

1088 1508 1149 1565 et
1197 1499 1697 1587 confirmatione
1755 1501 2055 1588 Requlae
2099 1501 2293 1588 prius
2340 1501 2773 1590 approbatae.

747 1658 777 1745 ἓ
828 1661 971 1728 21.
1025 1662 1265 1726 Fretus
1313 1655 1558 1725 exinde
1608 1658 2017 1728 Franciscus
2065 1680 2367 1748 superna
2407 1659 2651 1749 gratia,
2695 1670 2759 1727 et
2806 1660 3237 1730 auctoritate

657 1745 915 1836 Papali,
947 1767 1105 1815 curn
1145 1745 1402 1815 fiducia
1447 1746 1663 1815 multa
1699 1768 1934 1816 versus
1967 1746 2213 1816 vallem
2247 1747 2682 1836 Spoletanam
2724 1747 2852 1817 iter
2884 1749 3232 1839 arripuit,

655 1848 732 1904 ut
765 1834 1212 1926 Evangelium
1246 1834 1493 1905 Christi
1524 1834 1806 1915 faceret,
1839 1850 1905 1904 et
1937 1835 2232 1905 doceret.
2274 1842 2445 1906 Dum
2478 1849 2705 1906 autern
2762 1837 2830 1905 in
2884 1837 3000 1906 via
3059 1861 3234 1907 con-

655 1925 859 1994 ferret
906 1945 1067 1993 cum
1120 1923 1346 2004 sociis,
1401 1921 1697 2010 qualiter
1747 1924 2083 2015 regulam,
2135 1947 2346 2012 quam
2400 1940 2886 2014 susceperant,
2945 1927 3232 1997 sincere

656 2025 1046 2092 servarent;
1100 2011 1395 2098 qualiter
1445 2012 1514 2081 in
1567 2013 1757 2082 omni
1806 2015 2164 2083 sanctitate
2210 2028 2275 2085 et
2311 2015 2585 2103 justitia
2631 2036 2860 2084 coram
2917 2019 3069 2086 Deo
3129 2018 3228 2084 in-

655 2102 1017 2180 cederent;
1068 2100 1366 2187 qualiter
1413 2101 1480 2169 in
1533 2101 1783 2192 seipsis
1833 2102 2262 2192 proficerent,
2316 2116 2380 2172 et
2426 2117 2655 2173 essent
2687 2103 2841 2172 aliis
2877 2103 2950 2171 in
2994 2127 3233 2174 exem-

707 2191 880 2270 lum,
934 2189 1199 2259 diutius
1245 2189 1610 2260 collatione
1657 2203 2026 2279 protracta,
2081 2192 2246 2261 hora
2298 2192 2716 2281 pertransiit.
2762 2197 3045 2262 Etcum
3081 2193 3231 2281 jam

681 2280 890 2348 assati
937 2291 1165 2348 essent
1209 2300 1290 2347 ex
1337 2279 1792 2349 diuturnitate
1843 2280 2120 2360 laboris,
2166 2281 2549 2352 esurientes
2599 2281 2663 2349 in
2716 2280 3032 2367 quodam
3079 2282 3230 2353 loco

654 2366 1049 2438 solitudinis
1098 2367 1576 2437 substiterunt.
1633 2373 1809 2438 Sane
1856 2390 2015 2439 cum
2066 2372 2294 2440 omnis
2345 2371 2450 2439 via
2499 2370 2797 2450 deesset,
2851 2374 3000 2456 qua
3063 2395 3229 2460 pos-

652 2456 982 2526 sent¹sibi
1030 2455 1115 2525 de
1164 2456 1347 2527 victu
1397 2459 1783 2529 necessario
1837 2458 2212 2548 providere,
2249 2459 2480 2530 statim
2517 2458 2721 2529 affuit
2773 2459 3227 2549 providentia

654 2547 795 2614 Dei.
850 2551 1016 2615 Nam
1067 2546 1296 2616 subito
1342 2548 1667 2636 apparuit
1715 2548 1920 2617 homo
1968 2549 2261 2618 afferens
2313 2571 2558 2637 panem
2611 2550 2682 2618 in
2719 2571 2962 2628 manu,
3002 2573 3224 2637 quem
3313 2592 3314 2595 =

654 2634 1101 2725 pauperculis
1150 2634 1397 2705 Christi
1444 2635 1654 2717 dedit,
1709 2637 2073 2723 subitoque
2120 2637 2488 2727 d1sparuit,
2549 2638 2980 2727 incognituS,
3026 2640 3223 2708 unde

650 2724 933 2804 venerit,
990 2736 1111 2793 aut
1158 2745 1296 2811 quo
1346 2724 1492 2794 iret.
1549 2730 2049 2816 cognoscentes
2095 2738 2325 2796 autem
2358 2747 2485 2826 per
2516 2726 2644 2796 hoc
2682 2747 3034 2817 pauperes
3079 2727 3220 2797 fra·
3297 2802 3310 2825 ‚

653 2826 833 2895 treS,
889 2834 1270 2901 supernum
1345 2813 1481 2884 sibi
1542 2814 1610 2882 in
1675 2814 2005 2884 comitatu
2068 2814 2208 2884 Viri
2260 2818 2373 2883 Del
2423 2815 2666 2886 adesse
2716 2815 3166 2905 praesidium
3200 2873 3215 2895 ,
3309 2832 3310 2837 ’

650 2902 877 2992 magis
925 2901 1107 2971 dono
1156 2900 1589 2974 liberalitatis
1637 2902 1935 2985 divinae,
1973 2924 2182 2990 quam
2218 2904 2373 2973 cibo
2399 2906 2630 2973 carnis
2663 2904 3016 2993 propriae,
3051 2920 3219 2973 sunt
3309 2910 3310 2929 ¹

652 2990 910 3060 refecti.
964 2995 1259 3079 Insuper
1304 2990 1541 3060 divina
1588 2991 2058 3062 consolatione
2108 2992 2389 3082 repleti,
2444 3004 2833 3063 statuerunt
2880 2992 3212 3073 firmiter,

650 3094 718 3149 et
767 3079 1304 3150 irrevocabiliter
1331 3079 1938 3162 confirmaverunt,
1983 3080 2247 3151 nullius
2280 3081 2551 3151 inediae
2581 3094 2701 3151 aut
2735 3081 3216 3152 tribulationis

647 3168 988 3259 impulsu,
1042 3190 1082 3237 a
1131 3181 1407 3238 sanctae
1456 3170 1882 3259 paupertatis
1933 3162 2195 3240 1⁴·'esilire
2247 3171 2610 3260 promiss0.
2656 3168 2916 3263 Exinde
2953 3169 3031 3239 in
3072 3170 3215 3240 val-

652 3254 785 3325 lem
849 3255 1284 3347 spoletanam
1334 3278 1494 3328 cum
1547 3269 1785 3341 sancto
1834 3260 2184 3351 proposito
2235 3259 2598 3329 redeuntes
2629 3314 2644 3339 ,
2700 3270 2998 3328 tractare
3047 3282 3208 3329 coe-

652 3356 957 3434 perunt,
1013 3356 1250 3415 utrum
1313 3344 1490 3415 inter
1550 3347 1868 3418 homines
1914 3349 2304 3419 conversari
2353 3346 2722 3428 deberent,
2776 3369 2864 3417 an
2916 3347 3006 3416 ad
3063 3348 3213 3418 loca

650 3432 955 3502 solitaria
1005 3455 1076 3503 se
1123 3432 1456 3504 conferre.
1515 3436 1640 3505 Sed
1695 3436 1943 3506 Christi
1994 3442 2241 3508 Servus
2293 3438 2701 3506 Franciscus
2754 3458 2889 3505 non
2942 3435 3033 3505 de
3083 3460 3212 3507 sua

651 3522 751 3591 vel
794 3544 1079 3592 suorum
1129 3521 1487 3594 confidens
1536 3524 1900 3605 industria,
1960 3548 2077 3615 per
2124 3526 2454 3596 orationis
2488 3526 2887 3595 instantiam
2928 3525 3214 3595 divinae

651 3632 861 3700 super
910 3613 1038 3681 hoc
1087 3611 1460 3680 voluntatis
1526 3612 2034 3703 beneplacitum
2105 3614 2484 3702 requisivit.
2564 3619 2917 3703 Supernae
2994 3614 3215 3705 igitur

647 3699 1082 3769 revelationis
1149 3698 1538 3771 illustratus
1597 3703 1879 3773 oraculo
1914 3758 1929 3784 ,
1984 3703 2315 3773 intellexit
2379 3725 2450 3774 se
2499 3701 2584 3771 ad
2636 3702 2764 3771 hoc
2816 3702 3121 3772 missum
3175 3726 3214 3772 a

648 3789 961 3867 Domino,
1016 3800 1093 3859 ut
1141 3788 1408 3858 Christo
1459 3788 1843 3861 lucraretur
1890 3793 2185 3875 animaS,
2223 3813 2398 3879 quas
2447 3791 2769 3861 diabolus
2818 3791 3213 3861 conabatur

649 3875 941 3946 auferre.
985 3877 1287 3966 Ideoque
1337 3879 1559 3969 magis
1606 3882 1957 3963 omnibus,
2009 3902 2218 3967 quam
2274 3881 2405 3952 sibi
2463 3880 2615 3961 soli,
2673 3880 2895 3949 vivere
2961 3902 3212 3970 praee-

650 3965 837 4054 legit,
891 3965 1084 4035 illius
1135 3981 1541 4058 provocatus
1587 3970 1922 4059 exemplo,
1976 3973 2096 4056 qui
2130 3992 2317 4039 unus
2351 3990 2472 4059 pro
2511 3969 2841 4039 omnibus
2877 3971 3062 4039 mori
3096 3970 3211 4039 di-

645 4066 897 4143 gnatus
963 4067 1086 4125 est.
1155 4054 1531 4147 Recollegit
1596 4057 1825 4145 itaque
1873 4080 1944 4128 se
1992 4060 2107 4128 Vir
2158 4059 2271 4128 Dei
2321 4080 2479 4127 cum
2533 4059 2819 4127 caeteris
2869 4060 3087 4128 sociis
3139 4061 3211 4130 in

646 4143 949 4300 guodam
1000 4146 1277 4235 tugurio
1327 4144 1654 4216 derelicto
1693 4148 1892 4237 juxta
1939 4147 2280 4218 civitatem
2333 4147 2594 4228 assisii,
2648 4146 2716 4215 in
2768 4168 2904 4236 quo
2954 4169 3218 4217 secun·

698 4253 814 4302 um
889 4244 1165 4303 sanctae
1240 4236 1665 4325 paupertatis
1735 4234 2026 4306 sormam
2100 4236 2201 4327 in,
2239 4237 2472 4306 labore
2535 4234 2751 4305 multo
2826 4249 2892 4306 et
2962 4236 3218 4327 inopia

700 4396 726 4421 ¹·
756 4396 945 4436 Scilicet
976 4396 1242 4455 clericalem
1271 4397 1441 4446 capitis
1461 4401 1727 4444 tonsuram,
1744 4405 1880 4447 quse.
1898 4399 1950 4439 ut-
1971 4401 2188 4439 asserunt
2211 4400 2317 4439 Tres
2336 4400 2446 4439 Socii·
2465 4396 2512 4439 in
2533 4398 2726 4449 Appenni.
2746 4398 2807 4438 aa
2834 4398 2973 4439 Vnam
2995 4399 3044 4439 S.
3067 4401 3218 4441 Fran·

644 4450 747 4489 eieci
765 4452 830 4501 0.,
849 4450 943 4500 ipsi
963 4451 1008 4491 S.
1028 4450 1280 4491 Franctsco
1301 4451 1424 4492 facta
1443 4449 1548 4492 ruit.
