3347 4999
653 348 781 410 400
1296 365 1371 409 nrt
1419 365 1473 410 S.
1532 364 1903 411 auncnltnno
1955 366 2201 411 neustr.
2256 367 2354 410 er.
2782 346 2953 410 OCT.
3013 347 3093 412 tt

569 448 713 517 loco
760 448 1154 548 sepulturae
1208 448 1357 537 ejus
1405 462 1738 529 servatur,
1782 449 1968 537 virga
2028 449 2419 528 sambucae,
2461 470 2733 538 semper
2774 449 2973 517 nobis
3007 448 3096 517 ad

568 558 968 606 memoriam
1008 535 1274 606 reducit
1308 537 1720 607 humilitatis
1750 538 1900 626 ejus
1932 537 2267 627 exempla.
2306 536 2491 607 Unde
2530 551 2814 618 constat,
2843 549 3099 625 quanto

569 626 928 716 pretiosior
975 626 1063 694 sit
1110 647 1335 694 coram
1382 625 1521 704 illo,
1560 627 1678 713 qui
1732 626 2024 695 humilia
2077 627 2373 715 respicit,
2408 637 2472 695 et
2505 626 2636 694 alta
2679 648 2716 693 a
2751 626 2948 727 longe
2982 648 3100 695 co-

565 714 854 805 gnoscit,
901 727 1129 803 pastor
1163 715 1509 784 Burchard
1527 738 1607 784 us
1641 737 1799 784 cum
1839 737 1964 784 sua
2000 715 2323 806 pastorali
2359 715 2546 805 virga
2600 714 2946 783 modernis
2981 737 3103 804 pa·

565 803 887 882 storibuS,
929 803 1047 889 qui
1080 819 1432 893 pascentes
1466 804 1891 892 semetipsos,
1934 804 2037 873 vix
2078 806 2147 873 in
2193 804 2361 893 ipsis
2392 803 2660 873 baculis
2694 804 2839 872 suis
2866 804 3102 890 aliqua

561 906 793 961 carent
842 895 1115 981 pompa.
1158 897 1395 961 Fertur
1431 893 1661 971 etiam,
1702 892 1885 978 quod
1939 915 2071 962 non
2129 894 2358 962 minus
2407 892 2756 962 exterioris
2792 892 3099 962 hominis

564 982 967 1070 compositio
1017 981 1347 1050 divinitus
1382 981 1511 1050 sibi
1560 980 1806 1049 collato
1854 994 2260 1070 congrueret
2290 980 2537 1061 offici0‚
2586 980 2896 1049 videlicet
2934 1003 3096 1049 cum

552 1070 697 1158 jam
750 1082 963 1139 aetate
1015 1073 1283 1139 matura
1317 1072 1588 1157 vergere
1619 1070 1840 1157 coepit
1875 1070 1942 1138 in
1982 1071 2276 1150 senium,
2319 1092 2573 1158 corpus
2604 1084 2866 1159 gereret
2890 1070 3096 1137 etiam

570 1159 718 1245 ipsa
758 1163 1019 1229 statura
1061 1159 1410 1227 decorum.
1444 1158 1616 1240 Quid
1660 1158 1914 1248 plura?
1953 1164 2117 1229 Dum
2160 1181 2276 1248 per
2315 1159 2545 1227 omnia
2573 1172 2636 1228 et
2675 1159 2737 1226 in
2772 1159 3098 1227 omnibus

561 1245 786 1316 officio
838 1246 1207 1337 pontificali
1260 1247 1516 1336 dignus
1564 1259 1628 1314 et
1677 1247 1964 1317 idoneus
2013 1248 2381 1328 videretur,
2416 1269 2549 1317 non
2587 1247 2965 1337 incongrue
2990 1246 3099 1314 di-

563 1336 764 1416 citur,
822 1335 1004 1422 quod
1059 1358 1191 1404 non
1244 1336 1391 1403 sine
1441 1357 1677 1415 causa,
1734 1335 1848 1403 sed
1905 1338 2143 1405 merito
2197 1338 2284 1406 ab
2342 1337 2669 1406 omnibus
2719 1348 3091 1404 amaretur.

561 1425 915 1505 Quomodo
945 1425 1125 1493 enim
1159 1437 1382 1514 posset
1427 1446 1557 1493 non
1590 1426 1833 1505 amari,
1868 1446 2069 1511 quem
2102 1437 2195 1496 tot
2231 1426 2650 1495 charismata
2680 1424 3099 1493 decorabant

562 1512 873 1582 coelestis
927 1513 1285 1581 beneficii?

650 1604 686 1689 ξ
734 1608 869 1674 122
945 1602 1118 1671 Adeo
1167 1601 1464 1689 denique
1513 1601 1791 1671 habitus
1838 1614 1939 1671 est
1986 1602 2073 1671 ab
2121 1601 2445 1671 omnibus
2496 1600 2965 1681 honorabiliS,
3021 1613 3098 1670 ut

568 1692 769 1760 etiam
827 1691 1030 1760 totius
1080 1691 1269 1781 regni
1322 1690 1609 1759 consilio
1661 1712 1798 1759 una
1846 1713 2003 1760 cum
2057 1690 2341 1760 Folrado
2390 1691 2667 1770 Abbate‚
2721 1690 3100 1776 eodemque

566 1780 1127 1869 Archicapellano
1189 1780 1271 1847 ad
1339 1779 1762 1868 praedictum
1814 1780 2205 1848 Zachariam
2262 1786 2646 1849 Romanum
2700 1778 3099 1848 Pontificem

568 1868 965 1937 mitteretur.
1021 1870 1216 1945 Hinc,
1274 1879 1348 1935 ut
1395 1867 1603 1936 altius
1653 1868 1970 1936 nonnihil
2023 1881 2435 1958 repetamus,
2492 1867 2800 1937 solebant
2853 1868 3100 1937 Franci

559 1978 639 2025 ex
688 1957 970 2043 antiqua
1021 1962 1281 2045 Regum
1325 1956 1536 2044 stirpe
1571 1961 1786 2046 Reges
1828 1956 2101 2037 habere,
2140 1957 2259 2043 qui
2296 1979 2332 2025 e
2373 1961 2698 2036 Merove0‚
2741 1955 2957 2025 Clodii
2994 1977 3098 2025 se-

562 2045 775 2113 cundi
826 2045 1028 2133 Regis
1075 2066 1310 2113 eorum
1365 2043 1549 2125 filio,
1602 2046 1971 2135 Merovingi
2020 2046 2453 2125 dicebantur;
2498 2066 2793 2132 quorum
2848 2065 3099 2134 genea-

567 2133 743 2223 logia
784 2155 1006 2220 usque
1053 2133 1137 2202 ad
1192 2132 1649 2202 Childericum
1706 2148 1868 2204 tunc
1919 2148 2047 2203 tem
2105 2135 2244 2203 oris
2293 2139 2542 2223 Regem
2598 2134 3090 2223 permanebat,

565 2222 632 2289 in
684 2244 820 2307 quo
869 2224 1068 2290 etiam
1121 2221 1499 2292 deficiebat.
1536 2222 1658 2291 Sed
1697 2222 1856 2292 licet
1897 2223 1963 2290 in
2009 2223 2052 2291 il
2087 2246 2125 2292 o
2160 2222 2354 2291 linita
2399 2235 2621 2311 posset
2653 2221 2890 2301 videri,
2916 2222 3100 2310 jam-

565 2309 827 2378 dudum
886 2323 1106 2379 tamen
1161 2310 1424 2379 nullius
1474 2311 1728 2400 vigoris
1775 2323 1941 2391 erat,
2000 2334 2121 2380 nec
2171 2312 2542 2397 quicquam
2579 2311 2846 2380 clarum
2889 2311 2955 2377 in
2993 2332 3090 2389 se,

564 2410 833 2487 praeter
873 2399 1073 2467 inane
1123 2399 1326 2488 Regis
1376 2399 1784 2469 vocabulum
1840 2400 2281 2490 praeferebat.
2336 2405 2498 2469 Nam
2550 2413 2615 2468 et
2661 2421 2826 2489 opes
2871 2412 2933 2469 et
2976 2421 3102 2487 po-

564 2487 774 2557 tentia
823 2488 1011 2578 regni
1113 2511 1273 2558 enes
1324 2488 1554 2578 palatii
1611 2488 1981 2578 praefectos
2014 2545 2028 2570 ,
2081 2490 2198 2577 qui
2253 2490 2539 2577 Majores
2586 2488 2839 2559 domus
2907 2485 3101 2557 dice-

567 2577 840 2657 bantur,
886 2591 949 2646 et
997 2510 1289 2663 quuos
1323 2600 1593 2646 summa
1630 2579 1897 2667 imperii
1939 2580 2337 2668 pertinebat,
2376 2579 2716 2657 tenebant,
2758 2599 2876 2646 nec
2903 2576 3094 2646 aliud

563 2666 933 2753 quicquam
989 2666 1507 2755 permittebatur
1556 2667 1764 2756 Regi,
1835 2688 2040 2753 quam
2104 2668 2202 2736 uti
2262 2667 2447 2756 regio
2498 2680 2762 2736 tantum
2820 2665 3100 2734 nomine

561 2767 947 2832 contentus,
990 2756 1180 2823 crine
1232 2754 1532 2844 prosum,
1588 2755 1799 2824 barba
1850 2756 2220 2835 submissa,
2278 2757 2343 2823 in
2396 2755 2567 2824 solio
2618 2754 2965 2833 resideret,
3016 2775 3098 2823 ac

560 2844 856 2932 speciem
908 2843 1330 2912 dominantis
1379 2842 1754 2932 effingeret,
1790 2844 2044 2933 legatos
2079 2845 2563 2931 undecumque
2592 2843 2940 2912 venientes
2973 2864 3099 2911 au-

565 2931 761 3013 diret,
814 2932 1052 3018 eisque
1100 2932 1515 3001 abeuntibus
1568 2955 1916 3021 responsa,
1973 2955 2146 3021 quae
2186 2934 2426 3003 doctus
2473 2946 2618 3001 erat
2663 2945 2780 3000 aut
2819 2937 3088 3019 jussus,

560 3042 640 3089 ex
689 3043 813 3091 sua
860 3020 1042 3090 velut
1085 3032 1405 3111 potestate
1451 3020 1795 3101 redderet;
1834 3045 1990 3092 cum
2080 3035 2294 3090 raeter
2327 3021 2569 3090 inutile
2606 3020 2808 3110 Regis
2842 3039 3095 3089 nomen

557 3122 622 3178 et
664 3111 1091 3197 praecariam
1147 3111 1319 3178 vitae
1368 3110 1815 3199 stipendium,
1870 3045 2072 3197 quotiJ
2101 3111 2162 3179 ei
2217 3109 2597 3200 praefectus
2647 3109 2847 3178 aulae
2892 3120 3098 3198 prout

561 3197 941 3279 videbatur,
995 3198 1379 3280 exhibebat,
1435 3199 1607 3268 nihil
1649 3198 1837 3267 aliud
1893 3199 2290 3289 possideret,
2347 3221 2555 3286 quam
2599 3220 2808 3266 unam
2845 3209 2909 3267 et
2939 3217 3095 3265 eam

564 3287 754 3375 parvi
801 3287 1107 3355 redditus
1156 3287 1410 3368 villam,
1466 3288 1531 3355 in
1585 3310 1720 3374 qua
1761 3288 2070 3369 domum,
2124 3302 2188 3358 et
2235 3311 2314 3358 ex
2353 3310 2488 3374 qua
2536 3286 2869 3355 familiam
2910 3340 2924 3365 ,
2979 3306 3098 3352 ne-

559 3374 858 3442 cessaria
906 3375 1035 3442 sibi
1089 3375 1578 3458 ministranteS,
1624 3390 1826 3463 atque
1874 3377 2284 3463 obsequium
2336 3376 2775 3456 exhibenteS,
2835 3393 3094 3463 paucae

563 3462 1073 3531 numerositatis
1125 3463 1419 3532 haberet.
1473 3470 1923 3552 Quocumque
1960 3465 2268 3535 eundum
2318 3477 2484 3544 erat,
2541 3477 2863 3553 carpento
2921 3463 3087 3542 ibat,

561 3550 769 3636 quod,
815 3549 1077 3637 junctis
1131 3552 1368 3633 bobuS,
1423 3565 1487 3622 et
1535 3553 1860 3634 bubulce,
1919 3577 2103 3623 more
2151 3554 2430 3635 rustico,
2483 3566 2725 3643 agente
2778 3550 3095 3621 traheba-

560 3651 693 3708 tur.
738 3639 845 3708 Sic
893 3640 976 3709 ad
1030 3639 1384 3729 palatium,
1438 3642 1538 3711 sic
1586 3643 1668 3710 ad
1727 3643 2081 3731 pubiicum
2133 3655 2571 3721 conventum,
2612 3641 2732 3728 qui
2776 3638 3094 3710 Calendis

560 3728 719 3815 Maji
765 3728 851 3797 ob
904 3731 1094 3817 regni
1144 3730 1502 3799 utilitatem
1554 3732 1910 3801 annuatim
1978 3731 2475 3812 celebrabatur,
2522 3733 2619 3800 ire
2670 3729 2973 3809 solebat,
3027 3739 3096 3797 et

556 3839 785 3886 coram
839 3831 970 3887 tota
1035 3831 1233 3908 gente
1300 3819 1721 3907 praesidens,
1776 3842 2150 3908 omnesque
2200 3821 2533 3900 salutanS‚
2590 3833 2653 3889 et
2700 3820 2788 3888 ab
2837 3819 2935 3888 eis
2985 3838 3094 3886 sa-

558 3905 837 3988 lutatuS‚
890 3906 1273 3994 debitisque
1313 3908 1661 3995 obsequiis
1713 3909 2111 3990 honoratus,
2168 3911 2264 3979 sic
2305 3909 2589 3979 domum
2640 3907 2926 3985 redibat,
2961 3906 3094 3975 sic-

555 4015 690 4081 que
738 4018 967 4066 secum
1031 4018 1249 4083 usque
1297 3997 1380 4066 ad
1424 3997 1637 4066 alium
1692 3999 1942 4087 Majum
1994 3998 2183 4068 domi
2220 3998 2582 4077 residebat,
2622 4019 2699 4067 ac
2741 3996 2933 4086 regni
2969 3993 3095 4063 ad-

559 4083 1126 4155 ministrationem
1163 4140 1177 4166 ,
1232 4098 1295 4155 et
1342 4087 1574 4155 omnia
1622 4109 1797 4174 quae
1847 4088 1943 4156 vel
1988 4087 2198 4166 domi,
2240 4087 2339 4155 vel
2386 4086 2547 4156 soris
2582 4084 2851 4172 agenda
2899 4094 3097 4153 erant

555 4192 635 4240 ac
684 4170 1107 4262 disponenda
1139 4228 1154 4254 ‚
1212 4174 1592 4264 praefectus
1663 4175 1864 4245 aulae
1919 4177 2352 4265 procurabat.
2408 4180 2553 4257 Quo
2602 4173 2826 4243 officio
2878 4186 3040 4242 tunc
3073 4225 3090 4252 ,

555 4282 714 4330 cum
770 4263 1091 4350 praedicti
1146 4263 1341 4353 legati
1391 4265 1857 4346 mittebantur,
1914 4265 2200 4354 Pipinus
2251 4264 2471 4333 Caroli
2519 4263 2552 4298 ⁴*
2589 4263 2796 4342 filius,
2842 4261 2908 4329 id
2958 4270 3093 4342 est,

557 4349 772 4419 Caroli
839 4353 1065 4441 Magni
1139 4367 1372 4441 pater,
1419 4353 1563 4441 jam
1638 4354 1822 4424 velut
1887 4353 2338 4424 haereditario
2381 4353 2542 4443 jure
2593 4350 3093 4442 fungebantur.

611 4474 638 4502 ¹⁸
667 4476 751 4517 cni
770 4478 843 4519 est
859 4488 1115 4529 cognomen
1136 4480 1340 4520 Martem.
