3347 4999
199 321 382 388 OCT.
447 323 538 386 ’ἸΟ
1003 341 1080 386 na
1130 341 1184 386 s.
1241 338 1511 385 ΡΑυιιΝο
1565 339 1761 386 EPtsC.
1816 341 1995 386 anon.
2554 320 2680 385 325

205 422 609 511 quemlibet
661 438 949 513 possunt
1000 424 1248 492 habere
1297 424 1614 491 virtutem
1668 424 1776 503 bi,
1831 424 1950 509 qui
1998 446 2075 492 ex
2136 422 2571 513 corruptibili
2626 445 2767 491 ma-

199 513 431 592 teria,
501 512 906 581 inferiorum
990 514 1190 581 etiam
1231 567 1246 592 ,
1315 512 1972 611 suppositorumque
2036 511 2157 580 tibi
2221 512 2545 581 manibus
2605 532 2766 579 con·

202 613 630 670 struuntur:
685 601 942 688 quibus
993 600 1304 669 videlicet
1339 600 1709 669 artificium
1757 600 2138 669 humanum
2192 600 2753 680 accommodans,

200 690 304 761 eis
358 691 823 759 inanimatam
888 690 1357 758 membrorum
1411 688 1941 757 similitudinem
1994 688 2381 758 contulisti:
2446 689 2564 774 qui
2627 690 2762 760 nisi

202 802 240 847 a
298 793 362 848 te
415 779 589 847 moti
655 778 946 858 fuerint,
1001 777 1359 847 ambulare
1413 798 1542 846 non
1601 789 1952 866 poterunt:
2008 776 2124 846 sed
2179 789 2529 862 tamquam
2586 777 2643 844 la
2702 778 2761 848 is

202 869 276 936 in
327 888 480 936 uno
536 868 682 936 loco
734 867 1042 955 posituS,
1106 867 1197 935 ita
1251 867 1673 947 constructi,
1731 866 2047 952 nihilque
2108 865 2599 955 intelligentiae
2648 801 2769 933 iia-

203 956 459 1025 bentes
491 1011 505 1036 ,
555 957 840 1046 ipsaque
907 954 1434 1025 insensibilitate
1482 955 1757 1035 obruti,
1817 955 2079 1024 nullam
2133 975 2355 1041 neque
2406 953 2763 1033 laedendi,

208 1067 442 1131 neque
505 1044 800 1135 juvandi
869 1043 1261 1113 facultatem
1325 1044 1554 1133 adepti
1605 1048 1814 1114 sunt?
1863 1049 2003 1126 Qua
2056 1065 2219 1134 ergo
2271 1043 2518 1112 mentis
2574 1042 2772 1111 dece-

205 1134 453 1225 ptione
504 1155 621 1202 eos
670 1134 877 1213 de05,
931 1133 1188 1220 quibus
1236 1133 1490 1222 vosipsi
1542 1132 1915 1222 imaginem
1969 1132 2276 1222 corporis
2345 1131 2764 1212 tradidistiS‚

204 1223 524 1293 colentes
555 1223 967 1309 sequamini,
1000 1221 1266 1309 judicio
1292 1221 1587 1290 discreto
1618 1222 1916 1310 reperire
1952 1242 2085 1289 non
2123 1243 2523 1311 possumus.
2574 1219 2770 1289 Unde

205 1324 491 1402 oportet
540 1333 656 1380 vos
708 1322 1026 1400 suscepto
1075 1311 1274 1400 signo
1322 1323 1599 1379 sanctae
1647 1310 1907 1388 CruciS,
1965 1331 2085 1400 per
2131 1331 2338 1397 quam
2378 1308 2768 1378 humanum

207 1423 447 1491 genus
503 1399 934 1490 redemptum
985 1412 1135 1479 est,
1190 1398 1570 1468 execrando
1617 1398 1997 1467 diabolicae
2046 1398 2384 1468 versutiae
2432 1397 2772 1487 supplan-

206 1490 580 1568 tationem,
616 1489 732 1574 qui
765 1488 1036 1556 divinae
1071 1488 1393 1558 bonitatis
1434 1488 1760 1576 operibus
1806 1487 2082 1556 invidus
2116 1485 2572 1573 aemulusque
2606 1507 2773 1555 con-

207 1579 427 1650 sistit.
478 1599 516 1645 a
565 1576 891 1646 cordibus
940 1576 1180 1646 vestris
1230 1577 1547 1665 abjicere,
1586 1577 1996 1666 injectisque
2046 1575 2370 1645 manibus
2405 1575 2551 1656 hos,
2594 1596 2769 1662 quos

207 1679 514 1736 eatenus
563 1666 888 1734 materiae
935 1687 1266 1756 compage
1315 1665 1506 1734 vobis
1554 1665 1717 1734 deos
1765 1664 2176 1745 fabricastiS,
2231 1663 2769 1754 confringendos

208 1755 859 1841 diminuendosque
909 1776 1346 1844 summopere
1387 1775 1775 1843 procurare.
1833 1759 1988 1844 Ipsa
2030 1754 2213 1822 enim
2266 1774 2500 1821 eorum
2554 1753 2774 1822 disso-

211 1844 397 1913 lutio
433 1898 447 1920 ,
502 1844 989 1932 corruptioque
1021 1898 1035 1923 ,
1102 1864 1274 1929 quae
1325 1864 1682 1928 nunquam
1736 1843 2067 1911 viventem
2121 1842 2441 1930 spiritum
2498 1841 2763 1921 habuit,

211 1955 347 2001 nec
403 1932 926 2000 sensibilitatem
973 1955 1011 2001 a
1060 1934 1208 2001 suis
1254 1931 1629 2001 factoribus
1683 1932 1900 2021 potuit
1948 1930 2253 2017 quolibet
2303 1929 2506 1999 modo
2554 1930 2773 1999 susci-

267 2044 414 2099 ere,
466 2021 655 2088 vobis
705 2034 1013 2110 patenter
1060 2020 1383 2091 insinuet.
1440 2019 1623 2107 quod
1678 2020 1847 2088 nihil
1899 2032 2064 2099 erat,
2107 2019 2288 2107 quod
2340 2030 2623 2088 eatenus
2657 2039 2771 2088 co-

211 2044 498 2189 lebatiS,
557 2108 723 2178 dum
783 2110 1077 2198 profecto
1114 2109 1431 2179 meliores
1482 2130 1619 2189 νοε,
1672 2110 1788 2194 qui
1842 2108 2160 2198 spiritum
2203 2108 2531 2177 viventem
2570 2129 2607 2175 a
2645 2111 2772 2176 Do-

214 2200 423 2267 mino
501 2199 953 2288 percepistiS,
1021 2220 1256 2266 eorum
1331 2199 1841 2267 constructione
1906 2196 2363 2266 nihilominus
2410 2196 2765 2266 existatis:

214 2288 489 2376 quippe
538 2308 713 2372 quos
757 2292 929 2356 Deus
978 2287 1416 2375 omnipotens
1450 2308 1528 2355 ex
1569 2285 1775 2374 primi
1831 2285 2153 2363 hominis,
2207 2306 2413 2371 quem
2466 2284 2769 2374 plasma-

206 2377 345 2454 vit,
409 2374 1198 2462 cognatione·deductos
1247 2397 1367 2466 per
1400 2375 1657 2455 secula,
1705 2373 2337 2443 innumerabilibus
2372 2374 2773 2464 propagini-

208 2465 352 2534 bus
409 2459 754 2553 pullulare
793 2465 1171 2548 constituit.
1224 2464 1535 2535 Accedite
1582 2485 1747 2552 ergo
1795 2464 1878 2533 ad
1931 2463 2351 2554 agnitionem
2403 2461 2595 2550 ejuS‚
2649 2462 2771 2550 qui

209 2575 337 2621 vos
390 2553 665 2632 creavit,
703 2554 821 2639 qui
874 2554 940 2622 in
998 2554 1189 2623 vobis
1239 2554 1412 2623 vitae
1449 2552 1822 2622 insufflavit
1855 2553 2203 2642 spiritum,
2236 2552 2355 2640 qui
2395 2573 2517 2641 pro
2550 2565 2768 2622 vestra

211 2640 693 2729 redemptione
743 2643 993 2711 Filium
1047 2663 1250 2710 suum
1302 2642 1738 2732 Unigenitum
1791 2641 2001 2720 misit,
2040 2655 2117 2711 ut
2156 2663 2271 2710 vos
2308 2641 2396 2710 ab
2445 2640 2769 2730 originali

264 2743 503 2798 eccato
536 2731 851 2820 eriperet,
906 2743 969 2799 et
1002 2744 1269 2820 ereptos
1311 2731 1395 2801 de
1430 2742 1752 2818 potestate
1785 2729 2166 2799 diabolicae
2201 2729 2569 2817 nequitiae,
2616 2750 2769 2798 coe-

242 2819 517 2888 estibus
555 2821 880 2908 praemiis
931 2833 1347 2889 muneraret.
1405 2819 1747 2910 Suscipite
1788 2819 1989 2887 verba
2045 2818 2593 2909 praedicatorum
2637 2872 2652 2897 ,
2704 2828 2772 2887 et

209 2907 664 2997 Evangelium
705 2909 976 2987 Christi,
1018 2909 1201 2995 quod
1254 2910 1446 2979 vobis
1495 2908 1948 2987 annunciant,
1989 2921 2332 2994 quatenus
2381 2905 2764 2988 credenteS‚

211 2997 402 3065 sicut
449 2998 728 3084 saepius
767 2998 1026 3066 dictum
1080 3010 1203 3076 est,
1260 2999 1327 3065 in
1382 3003 1591 3066 Deum
1648 3002 1911 3066 Patrem
1963 2996 2530 3083 omnipotentem,
2584 3008 2647 3063 et.
2698 2996 2768 3063 in

210 3089 457 3153 Jesum
503 3085 844 3156 Christum
883 3087 1034 3175 ejus
1078 3086 1351 3166 Filium,
1388 3101 1452 3156 et
1499 3087 1567 3154 in
1623 3086 1953 3174 Spiritum
2010 3088 2363 3165 Sanctum,
2411 3084 2771 3172 insepara-

212 3173 430 3243 bilem
483 3175 921 3256 Trinitatem,
977 3174 1232 3266 fugatis
1282 3174 1805 3245 daemoniorum
1860 3172 2204 3254 sensibus,
2259 3172 2683 3263 expulsaque
2732 3195 2772 3242 a

216 3262 419 3331 vobis
470 3261 937 3333 sollicitudine
986 3265 1307 3333 venenosi
1357 3277 1421 3334 et
1460 3261 1894 3352 deceptibilis
1945 3260 2186 3341 hostis,
2247 3282 2368 3351 per
2405 3283 2654 3348 aquam
2706 3274 2772 3331 et

217 3350 556 3442 Spiritum
613 3356 935 3422 Sanctum
983 3353 1224 3427 renati,
1279 3353 1365 3433 ei,
1423 3353 1535 3421 cui
1587 3349 2043 3431 credideritis,
2098 3351 2171 3419 in
2225 3350 2589 3440 splendore
2620 3350 2766 3441 glo-

214 3441 362 3508 riae
399 3440 858 3528 sempiternae
908 3441 1301 3510 cohabitare
1348 3441 1503 3528 ejus
1551 3439 2002 3528 opitulatione
2036 3451 2101 3508 et
2150 3438 2625 3508 munificentia
2656 3462 2771 3508 va-

215 3527 441 3598 leatis.
496 3532 842 3598 Praeterea
888 3530 1361 3600 benedictione
1412 3529 1812 3619 protectoris
1861 3528 2090 3608 vestri,
2147 3528 2322 3597 beati
2374 3530 2550 3597 Petri
2596 3534 2773 3618 Apo-

218 3617 551 3687 stolorum
610 3617 945 3708 principis
995 3618 1185 3687 vobis
1235 3618 1638 3696 direximus,
1679 3616 1744 3685 id
1796 3630 1920 3697 est,
1960 3616 2319 3686 camisiam
2364 3639 2523 3686 cum
2566 3638 2769 3686 orna-

219 3718 375 3775 tura
427 3705 494 3772 in
548 3728 716 3774 auro
762 3729 927 3787 una,
984 3721 1048 3776 et
1098 3707 1251 3776 lena
1299 3708 1686 3796 Ancyriana
1733 3728 1898 3775 una.
1945 3705 2136 3788 Quod
2190 3706 2514 3796 petimus‚·
2566 3718 2644 3774 ut
2690 3727 2769 3775 eo

217 3794 670 3884 benignitatis
722 3796 954 3864 animo
1004 3795 1222 3885 gloria
1263 3807 1484 3865 vestra
1533 3794 1890 3885 suscipiat,
1937 3815 2074 3881 quo
2124 3816 2158 3863 a
2214 3793 2412 3862 nobis
2461 3794 2772 3865 noscitur

220 3882 669 3952 destinatum.
714 3907 748 3949 »

311 3974 346 4058 ξ
393 3976 468 4042 ’1.
522 3972 611 4040 Ad
651 3972 1013 4062 conjugem
1051 3992 1327 4059 quoque
1357 3972 1506 4061 ejus
1539 3972 2023 4063 Edelburgam.
2060 3970 2465 4059 hujusmodi
2502 3970 2767 4041 litteras

225 4059 402 4127 idem
458 4060 760 4130 Pontifex
811 4061 1022 4129 misit.
1062 4060 1426 4151 Exemplar
1472 4062 1814 4151 Epistolae
1863 4060 2240 4132 beatissimi
2288 4071 2354 4128 et
2402 4059 2769 4148 Apostolici

225 4148 550 4304 {misaeli
587 4155 808 4241 Papae
856 4149 1051 4219 urbis
1084 4154 1360 4230 Romae,
1393 4149 1694 4219 directae
1730 4150 2155 4240 Edelburgae
2192 4148 2487 4238 Reginae
2520 4147 2769 4217 Eduini

284 4258 319 4303 e
374 4259 449 4304 is.

316 4259 703 4422 {Dominae
737 4327 1099 4418 gloriosae,
1136 4327 1318 4396 filiae
1356 4326 1657 4396 Edelbur
1709 4349 1785 4396 ae
1827 4326 2148 4416 Reginae,
2186 4325 2577 4395 Bonifacius
2616 4325 2771 4415 Epi-

226 4433 520 4502 scopus,
594 4438 829 4487 servus
900 4429 1251 4487 servorum
1328 4417 1465 4486 Dei.
1550 4421 1640 4485 Re
1696 4416 2026 4506 emptoris
2098 4416 2306 4484 nostri
2382 4415 2771 4504 benignitas

1702 4637 1727 4668 Ο
