3347 4999
218 326 402 393 OCT.
460 330 484 392 >1
1146 348 1222 393 ns
1272 348 1325 393 s.
1382 346 1626 393 nAvons
1673 347 1855 394 conr.
2599 334 2681 395 57

216 427 438 517 pedes
484 426 775 494 arctari:
827 427 948 511 qui
1000 418 1280 495 in'Sion
1334 426 1611 515 specula
1654 428 2031 507 constituti,
2091 451 2172 497 su
2226 428 2373 498 erni
2414 429 2605 518 regni
2658 453 2774 519 pa-

216 538 374 585 cem
427 514 894 603 evangelizare
945 528 1254 604 poterant
1306 514 1372 583 in
1431 514 1685 605 populo
1735 517 1872 584 Dei.
1927 516 2099 598 Quid
2201 540 2237 586 e
2289 518 2495 607 hujus
2552 519 2771 588 sancti

211 604 353 673 viri
390 603 585 673 factis
618 604 737 672 alii
769 603 1148 672 aestiment.
1185 604 1458 692 ignoro:
1495 623 1620 691 ego
1656 603 1814 692 plus
1849 617 2088 694 stupeo
2121 606 2446 675 Bavonem
2485 606 2777 678 libenter

211 693 691 783 vapulantem,
746 714 954 779 quam
1015 706 1359 761 mortuum
1416 692 1914 761 vivificantem:
1965 694 2121 781 plus
2179 694 2483 765 admiror
2530 710 2772 785 sponte

207 782 429 872 cippo
467 781 940 859 constrictum,
994 803 1199 868 quam
1238 782 1444 850 totius
1495 780 1732 869 populi
1780 781 2008 862 favore
2056 782 2500 853 celebratum.
2537 790 2772 872 ltaque

206 884 519 958 quatuor
551 869 687 939 fere
740 892 1009 939 menses
1061 870 1126 938 in
1181 870 1308 939 hoc
1361 882 1670 939 retrusus
1717 870 2042 960 carcerali
2095 874 2336 959 agone,
2390 895 2548 941 cum
2599 896 2773 958 quo-

214 960 391 1029 tidie
449 981 619 1050 pene
674 970 1101 1036 moreretur,
1158 981 1441 1047 poenam
1501 979 1620 1048 pro
1676 958 1945 1028 deliciis
1994 960 2325 1042 babebat,
2382 960 2558 1031 fessa
2615 961 2773 1032 licet

208 1050 465 1137 lingua
526 1069 877 1133 nunquam
942 1046 1213 1115 laudem
1279 1047 1390 1115 Dei
1444 1049 1731 1125 tacebat,
1782 1062 1985 1133 atque
2041 1048 2291 1118 mirum
2349 1050 2420 1118 in
2483 1050 2767 1120 modum

210 1161 384 1209 cum
419 1137 865 1216 cruciaretur,
904 1133 1141 1204 fortior
1175 1135 1399 1214 fiebat,
1442 1148 1517 1204 ut
1556 1149 1832 1225 putares
1880 1158 2038 1205 eum
2089 1160 2246 1206 cum
2299 1138 2613 1226 Apostolo
2663 1139 2770 1207 di-

216 1249 417 1297 cere:
481 1226 757 1305 Quando
790 1226 965 1293 enim
1014 1227 1336 1313 infirmor,
1387 1236 1542 1293 tunc
1586 1227 1828 1313 sortior
1871 1248 2019 1295 sum
2053 1235 2113 1294 el
2158 1238 2426 1316 potens,·
2460 1228 2772 1297 conside-

218 1337 528 1401 ransque
574 1335 709 1400 quo
774 1335 985 1381 cursu
1046 1313 1335 1383 felicitas
1377 1312 1643 1393 evolet,
1697 1335 1871 1400 quae
1929 1328 2086 1382 ante
2144 1314 2487 1385 humanos
2534 1316 2770 1387 oculos

214 1405 424 1491 quasi
467 1424 879 1492 permanens
933 1400 1159 1489 pollet,
1213 1401 1600 1489 complebat
1645 1424 1763 1471 eas
1815 1424 1990 1487 quae
2045 1402 2357 1484 deerant,
2416 1406 2772 1493 passiones

217 1489 473 1563 Chi-isti
509 1493 575 1561 in
618 1513 823 1560 carne
859 1513 1020 1559 sua:
1061 1490 1595 1577 vulneratusque
1631 1504 1921 1559 mentem
1959 1514 2210 1581 magna
2246 1493 2313 1561 in
2352 1498 2558 1562 Deum
2598 1495 2761 1563 cba-

220 1584 443 1661 ritate,
498 1581 854 1651 aestuabat
884 1578 1223 1648 desiderio
1256 1579 1860 1669 contemplationis
1909 1601 2273 1670 supernae.

313 1676 349 1758 ἓ
403 1674 546 1741 m.
603 1668 940 1737 Accersito
995 1667 1244 1737 dehinc
1294 1681 1529 1738 sancto
1572 1668 1892 1757 pontifice
1933 1670 2237 1738 Amando
2283 1681 2347 1739 et
2398 1670 2768 1739 venerabili

221 1760 470 1830 abbate
504 1758 912 1837 Floreberto,
971 1778 1101 1825 non
1155 1757 1357 1826 modo
1412 1756 1689 1844 pedum,
1744 1757 1859 1826 sed
1899 1770 1963 1825 et
2014 1759 2219 1827 totius
2263 1760 2582 1828 macerati
2617 1782 2772 1828 cor-

222 1847 500 1937 pusculi
539 1848 870 1934 integram
913 1845 1358 1914 reclusionem
1395 1845 1824 1924 obsecrat,1·t
1859 1845 1960 1914 vix
1997 1846 2368 1933 aliquando
2420 1848 2765 1937 impetrat.

223 1944 491 2006 Arctam
543 1955 824 2022 specum
866 1933 1089 2003 medio
1118 1934 1369 2003 domus
1417 1956 1713 2020 aequore
1761 1934 1843 2003 ad
1896 1937 2340 2024 capacitatem
2393 1937 2597 2005 erecti
2650 1936 2769 2005 ho-

226 2025 438 2094 minis
485 2022 831 2100 effoderat,
876 2045 1052 2108 quae
1103 2022 1597 2113 introgressum
1664 2022 1794 2091 n'on
1849 2023 1981 2092 nisi
2032 2037 2323 2094 stantem
2372 2026 2761 2101 sustineret,

224 2129 290 2182 et
329 2113 526 2199 quasi
570 2110 883 2181 Crucifixi
912 2112 1219 2199 corporis
1248 2133 1664 2199 suspensum
1718 2111 1978 2181 vultum
2033 2113 2099 2180 in
2158 2128 2467 2183 neutram
2508 2128 2763 2203 partem

226 2202 493 2271 deflecti
545 2202 984 2290 permitteret.
1038 2205 1199 2269 Eam
1236 2200 1566 2269 orationis
1607 2222 1879 2268 crucem
1920 2200 2048 2269 sibi
2084 2216 2637 2292 praeparaverat:
2697 2202 2765 2271 in

226 2313 306 2359 ea
361 2292 538 2358 inter
590 2290 955 2358 canonicas
1022 2288 1226 2358 boras
1289 2288 1621 2375 suspendi
1676 2289 1895 2378 magis
1943 2311 2149 2376 quarn
2211 2303 2387 2361 stare
2441 2292 2760 2381 elegerat.

225 2386 358 2448 Nec
408 2377 605 2447 facile
657 2377 867 2448 labor.
924 2376 1078 2446 licet
1127 2376 1679 2455 difficilissimus,
1715 2376 2145 2447 dissuaderi:
2201 2381 2364 2466 quia
2417 2382 2621 2450 menti
2663 2394 2763 2449 to-

227 2482 372 2538 tum
406 2468 549 2558 jam
586 2466 894 2536 seculum
937 2468 1001 2535 in
1053 2466 1315 2536 Christo
1349 2466 1826 2555 triumphanti,
1887 2466 1980 2536 nil
2029 2476 2285 2557 poterat
2346 2469 2766 2540 laboriosum

225 2557 466 2627 videri.
516 2561 676 2624 Data
729 2556 837 2624 die
884 2569 1157 2624 evocato
1192 2556 1379 2625 Clero
1426 2568 1492 2625 et
1549 2556 1845 2644 popu10,
1901 2579 2058 2625 cum
2125 2559 2458 2628 Crucibus
2507 2573 2570 2628 et
2622 2560 2768 2645 thy·

228 2646 677 2716 miamateriis
712 2699 727 2721 .
780 2645 1235 2730 universoque
1295 2644 1752 2714 ecc!esiastico
1805 2660 2141 2735 apparatu
2211 2647 2293 2716 ad
2358 2647 2766 2717 reclusionis

220 2734 542 2804 cellulam
597 2733 1024 2813 convenitur,
1084 2748 1148 2803 et
1203 2734 1420 2802 sancti
1478 2734 1825 2803 Pontificis
1870 2736 2190 2803 manibus
2242 2736 2460 2804 hostia
2512 2725 2759 2805 C'hristi

219 2829 430 2902 Bavo,
479 2833 642 2891 teste
690 2821 1023 2902 limesia,
1078 2821 1404 2912 sepelitur
1456 2823 1716 2911 magis,
1770 2844 1976 2909 quam
2047 2823 2462 2902 recluditur,
2524 2825 2766 2909 quinto

219 2913 387 2981 Idus
427 2910 866 2990 Novembris,
932 2910 1051 2996 qui
1101 2925 1244 2980 erat
1291 2933 1519 2992 annus
1580 2911 2116 2981 sexcentesimus
2168 2911 2768 2981 vicesimusnonus

218 3001 614 3071 Dominicae
663 2999 1183 3071 incarnationis.
1241 3000 1600 3089 Sepelitur,
1659 3001 1975 3086 inquam,
2032 2998 2285 3079 seculo,
2343 3000 2536 3068 vivus
2586 3005 2758 3069 Deo:

217 3091 332 3158 cui
382 3090 541 3175 quia
594 3088 1062 3159 indesinenter
1108 3088 1532 3169 adhaeserat,
1586 3088 1795 3157 vitam
1845 3100 2024 3156 certe
2071 3110 2266 3157 suam
2320 3111 2595 3160 sursum
2641 3090 2764 3159 ab·

218 3178 665 3247 scanderat*.

310 3270 346 3354 ξ
395 3271 525 3339 12.
571 3265 905 3336 Reclusus
952 3287 1114 3354 ergo
1164 3286 1295 3334 non
1350 3265 1498 3334 sine
1545 3263 1872 3352 lacrymis
1919 3276 1984 3333 et
2035 3264 2406 3335 multorum
2461 3265 2765 3335 admira-

219 3356 427 3434 tione,
471 3355 589 3442 qui
643 3355 946 3423 viderent
981 3355 1047 3422 in
1098 3353 1404 3423 consecto
1432 3367 1495 3423 et
1527 3374 1700 3442 pene
1746 3352 2009 3422 carioso
2043 3354 2458 3441 corpusculo
2492 3368 2759 3424 tantum

216 3445 477 3534 vigoris
526 3445 785 3512 inesse:
844 3457 985 3513 tum
1038 3465 1193 3513 vero
1228 3443 1507 3511 demum
1562 3441 1627 3509 in
1681 3462 1996 3510 summae
2042 3443 2292 3528 quietis
2328 3457 2600 3532 portum
2657 3466 2761 3512 re-

216 3547 475 3623 putans
522 3555 592 3600 se
638 3532 1076 3602 constituisse
1108 3552 1315 3600 suum
1360 3529 1736 3619 navigium,
1793 3543 1976 3600 tanto
2025 3531 2106 3599 ad
2145 3545 2493 3601 auctorem
2546 3553 2754 3600 suum

215 3622 569 3710 suspirare
601 3622 852 3699 acrius,
895 3633 1152 3708 quanto
1204 3619 1449 3688 licebat
1496 3630 1752 3688 remoto
1787 3621 2121 3689 securius.
2159 3621 2369 3690 Juxta
2422 3643 2755 3710 magnum

218 3714 591 3790 Oratorem,
625 3732 856 3779 vereor
884 3731 968 3777 ne
993 3709 1297 3777 officium
1329 3720 1602 3796 putetur
1628 3708 1953 3777 ambitio:
1998 3721 2062 3777 et
2099 3709 2279 3794 quod
2320 3708 2510 3778 illius
2534 3730 2762 3778 exem-

216 3800 332 3890 plo
373 3799 689 3878 sacimuS,
733 3798 852 3885 qui
900 3797 1030 3866 ait:
1085 3797 1387 3866 Laudato
1420 3797 1772 3865 Dominum
1817 3799 1886 3865 in
1930 3801 2179 3867 sanctis
2228 3800 2417 3877 e'us;
2453 3797 2764 3886 appetitu

211 3889 470 3977 gloriae
522 3887 875 3956 videamur
915 3887 1157 3965 facere,
1198 3907 1321 3954 nec
1364 3906 1587 3954 rerum
1627 3885 2000 3964 veritatem,
2038 3886 2155 3955 sed
2198 3908 2237 3954 o
2317 3886 2575 3955 ciosam
2615 3907 2762 3954 ver-

211 3979 569 4048 bositatem
624 3976 1000 4045 insinuare.
1055 3973 1551 4053 Animadverte,
1605 3995 1885 4061 quaeso,
1945 3974 2250 4062 prudens
2300 3975 2512 4044 lector
2553 3975 2643 4054 ⁴⁴,
2689 3975 2758 4043 in

214 4067 431 4135 milite
473 4072 721 4154 Regem
767 4063 1032 4133 laudari
1070 4077 1134 4132 et
1167 4063 1231 4131 in
1271 4063 1525 4132 sanctis
1567 4067 1779 4132 Deum
1831 4063 2196 4132 honorari:
2253 4076 2318 4133 et
2364 4064 2554 4151 quia,
2597 4084 2758 4132 cum

264 4194 289 4220 ¹·
310 4192 636 4233 Gandavensis
652 4189 752 4232 sive
769 4185 1035 4230 Gaudensis
1050 4185 1323 4228 nonasterii
1342 4189 1493 4228 Abba
1511 4187 1805 4228 constitutus
1822 4188 1896 4228 est
1909 4188 2202 4230 Flodosrdua
2216 4189 2342 4230 circa
2352 4199 2526 4230 sunum
2539 4196 2765 4239 ccxxxix:

169 4277 195 4302 ‘a
212 4247 383 4288 desunt
407 4258 516 4296 ergo
537 4246 647 4286 hinc
669 4246 726 4285 ad
744 4246 923 4284 rectam
943 4240 1338 4291 computationem
1359 4240 1468 4282 anni
1490 4239 1682 4281 circiter
1701 4243 1766 4281 23.

265 4302 317 4327 ’Ν
347 4304 403 4340 At
430 4301 624 4350 prudens
651 4296 843 4348 quidem
872 4297 1054 4342 Lector,
1074 4296 1447 4345 exaggerationis
1468 4295 1692 4343 suspecta
1709 4295 1855 4333 habet
1877 4303 1997 4342 quae
2018 4294 2074 4334 de
2094 4294 2180 4334 illa
2198 4305 2340 4345 specu
2363 4295 2410 4335 et
2430 4296 2485 4335 de
2508 4292 2761 4334 tormentis

215 4363 241 4393 ι
267 4355 451 4394 Bavone
478 4356 647 4402 sponte
676 4352 891 4392 toleratis
919 4351 1147 4389 hactenus
1176 4350 1426 4394 enarravit.
1454 4357 1750 4398 quorumque
1781 4348 1944 4386 nullus
1965 4351 2107 4387 antea
2126 4349 2284 4389 Sancti
2305 4346 2597 4399 biographus
2619 4348 2762 4387 verba

214 4407 335 4446 fecit.
366 4409 468 4447 Alia
501 4410 548 4446 et.
578 4407 668 4446 alia
698 4407 899 4454 denique
928 4405 1100 4444 Lector
1128 4406 1289 4444 noster
1323 4404 1434 4453 quia
1461 4402 1624 4450 utique
1644 4402 1866 4449 prudens.
1886 4401 1933 4439 in
1955 4400 2152 4449 reliquis
2173 4402 2272 4450 huj.
2298 4402 2408 4442 hist.
2437 4401 2480 4452 ἓξ
2499 4401 2764 4442 arbitratur

216 4460 490 4501 Theoderici
511 4461 618 4501 ndei
636 4458 963 4509 relinquenda.
