3347 4999
715 328 843 393 702
1249 345 1328 391 nn
1374 344 1466 391 ss.
1518 341 1933 392 cunvsmmo
1981 344 2055 390 ar
2101 344 2297 390 mnu
2345 343 2536 390 naar.
2855 326 3034 391 OCT.
3091 328 3176 393 25

631 428 1124 521 pervestigasti,
1177 427 1531 498 inventum
1583 449 1911 530 generose
1949 427 2340 498 retinueris.
2369 431 2627 497 Aurum
2680 428 3034 511 invenisti,
3073 431 3176 498 in·

631 518 875 589 venisti
924 530 1323 606 argentum,
1379 517 1699 587 invenisti
1751 516 2016 617 lapides
2066 516 2425 606 pretiosos.
2487 515 2754 586 Idcirco
2809 518 3170 604 quaesisti,

627 620 704 677 nt
764 629 833 676 re
886 607 1130 676 erires:
1182 619 1248 676 et
1310 605 1462 676 ideo
1529 606 1878 696 reperisti,
1947 617 2021 675 ut
2090 605 2499 695 possideres.
2563 610 2733 676 Cave
2780 605 2974 676 sinas
3023 630 3064 677 a
3113 621 3175 677 te

627 697 779 787 ipso
878 694 1061 784 iripi,
1114 694 1296 783 quod
1350 694 1694 765 invenisti.
1742 700 1960 774 Utere,
2004 693 2229 763 fruere
2279 694 2605 784 primitiis
2655 693 2971 764 laborum
3028 709 3174 767 tuo·

628 807 810 865 rum,
867 797 932 853 et
980 782 1155 864 vide,
1220 805 1327 865 ne,
1399 784 1454 855 si
1503 805 1621 853 eas
1675 784 2018 872 rejeceriS,
2078 783 2333 853 frustra
2393 782 2915 871 conquisivisse,
2973 797 3181 873 atque

630 873 967 964 expetisse
1015 872 1308 943 videare.
1346 894 1383 939 »

716 964 753 1049 §
799 966 892 1033 8.
948 966 1129 1031 Haec
1191 983 1349 1031 cum
1409 981 1643 1030 secum
1698 961 1844 1050 ipse
1892 961 2166 1030 locutus
2211 972 2411 1042 esset,
2448 961 2902 1047 quaeritabat,
2938 963 3178 1050 ecquis

630 1063 809 1122 esset
854 1049 1246 1119 divinarum
1311 1050 1452 1119 Scri
1511 1062 1823 1119 turarum
1879 1050 2239 1139 magister:
2291 1062 2357 1118 et
2392 1049 2986 1137 quemadmodum
3036 1052 3176 1121 elo·

674 1152 917 1210 nentes
964 1160 1044 1208 ac
1094 1139 1423 1209 litteratos
1505 1138 1774 1208 omines
1821 1137 2156 1218 audierat,
2199 1138 2299 1207 sic
2332 1137 2614 1227 optabat
2659 1140 3035 1230 magistros
3072 1141 3175 1209 in-

680 1241 868 1299 octos
916 1241 982 1297 et
1015 1227 1386 1317 piscatores
1433 1226 1766 1296 invenire.
1818 1231 2098 1317 Legerat
2134 1228 2319 1296 enim
2356 1227 2752 1317 Apostolum
2794 1228 3170 1298 dicentem:

631 1319 751 1388 Ubi
794 1318 1111 1408 sapiens?
1153 1317 1274 1386 Ubi
1314 1317 1534 1385 scriba
1556 1317 1589 1384 ?
1641 1317 1763 1386 Ubi
1789 1318 2149 1407 inquisitor
2195 1317 2397 1406 husus
2443 1318 2701 1386 seculi?
2733 1321 2964 1387 Nonne
3009 1321 3176 1387 stul-

626 1417 765 1476 tam
796 1408 957 1495 fecit
996 1410 1171 1475 Deus
1217 1407 1626 1496 sapientiam
1683 1405 1887 1495 hujus
1933 1405 2218 1474 mundi?
2263 1410 2437 1475 Nam
2484 1408 2651 1497 quia
2695 1429 2828 1476 non
2865 1409 3170 1496 coynovit

625 1496 917 1564 mundus
945 1517 1069 1585 per
1102 1495 1508 1584 sapientiam
1539 1498 1774 1574 Deum,
1824 1496 2091 1584 placuit
2138 1498 2270 1563 Deo
2326 1516 2450 1584 per
2486 1496 2852 1564 stultitiam
2897 1496 3172 1585 praedi-

624 1585 905 1653 cationis
949 1586 1172 1652 salvos
1208 1584 1433 1671 facere
1480 1584 1816 1652 credentes
1861 1582 1957 1673 (l.
1995 1587 2138 1654 Cor.
2178 1582 2255 1672 1).
2293 1586 2472 1652 Haec
2509 1582 2622 1652 ille
2653 1604 2809 1652 cum
2864 1583 3174 1672 quotidie

624 1673 977 1764 cogitaret,
1028 1683 1094 1740 et
1126 1670 1373 1741 Christi
1423 1693 1655 1741 servos
1702 1672 2158 1759 conquireret,
2210 1670 2487 1742 cuidam
2538 1673 2861 1754 occurrit,
2915 1674 3040 1760 qui
3071 1671 3173 1741 di-

625 1765 842 1842 cebat,
889 1783 960 1829 se
1011 1781 1212 1830 nosse
1252 1760 1475 1830 virum
1509 1759 1881 1847 quemdam
1921 1760 2411 1841 Christianum,
2454 1761 2732 1830 nomine
2779 1761 3175 1852 Carpopho-

625 1872 805 1931 rum,
859 1848 1248 1919 divinarum
1296 1848 1820 1938 Scripturarum·
1848 1849 2372 1938 peritissimum:
2409 1850 2526 1935 qui
2564 1862 2840 1939 propter
2878 1851 3169 1939 impiam

628 1939 1197 2028 persecutionem,
1253 1939 1321 2006 in
1376 1937 1730 2007 montibus
1777 1938 1847 2006 in
1900 1937 2231 2027 spelunca
2280 1937 2579 2024 quadam
2633 1938 2999 2021 habitaret,
3051 1938 3169 2025 qui

626 2049 789 2097 sane
832 2028 1026 2100 locus
1069 2047 1398 2118 perquam
1453 2026 1696 2116 paucis
1745 2040 1949 2096 notus
1980 2040 2178 2097 esset.
2217 2028 2336 2096 His
2367 2027 2647 2108 auditis,
2691 2028 3171 2115 Chrysanthus

624 2116 821 2185 valde
869 2116 1148 2205 gavisus
1185 2128 1328 2186 est:
1380 2127 1447 2185 et
1497 2116 1841 2185 narrantis
1888 2136 2111 2205 genua
2154 2114 2580 2204 complexus,
2632 2137 2792 2185 cum
2838 2116 3168 2204 lacrymis

626 2204 1087 2295 supplicabat,
1151 2216 1226 2272 ut
1273 2203 1501 2273 locum
1562 2204 1719 2284 sibi,
1762 2205 1829 2272 in
1879 2225 2017 2291 quo
2067 2205 2170 2273 vir
2217 2203 2332 2273 ille
2367 2205 2481 2273 Dei
2532 2218 2937 2284 moraretur,
2987 2205 3168 2274 indi-

626 2307 828 2362 caret.
912 2293 1026 2362 Dei
1102 2306 1328 2362 autem
1407 2292 1836 2381 providentia
1911 2293 2164 2362 sactum
2229 2306 2365 2373 est,
2441 2307 2518 2362 ut
2589 2295 2706 2380 qui
2794 2315 2958 2361 cum
3033 2293 3167 2362 fide

628 2380 1026 2469 quaerebat,
1065 2380 1148 2449 ad
1185 2381 1336 2469 ejus
1384 2380 1697 2450 notitiam
1753 2395 2130 2451 mereretur
2164 2383 2540 2471 pervenire.
2577 2386 2740 2452 Cum
2780 2383 2995 2472 igitur
3029 2404 3167 2451 san·

630 2483 818 2540 ctum
873 2468 1389 2560 Carpophorum
1456 2470 1932 2560 presbyterum
1990 2472 2455 2553 convenisset,
2518 2471 2755 2560 paucis
2813 2471 3174 2541 mensibus

628 2580 870 2629 omnes
923 2559 1195 2629 divinas
1245 2559 1635 2649 Scripturas
1683 2559 1947 2641 didicit,
2001 2572 2067 2629 et
2114 2562 2183 2629 in
2232 2560 2369 2631 fide
2415 2560 2895 2633 confirmatus.
3000 2560 3168 2629 erfe-

627 2661 783 2719 ctus
861 2649 1075 2719 evasit
1125 2649 1191 2716 in
1245 2648 1534 2727 Christo,
1588 2647 1759 2718 adeo
1797 2659 1873 2717 ut
1938 2649 2232 2738 septimo
2287 2662 2439 2739 post
2500 2662 2897 2739 susceptum
2950 2584 3169 2740 ssapti-

630 2752 858 2807 smum
905 2737 1039 2810 die.
1069 2742 1307 2806 Jesum
1352 2736 1695 2806 Christum
1740 2737 1961 2807 filium
2005 2738 2122 2807 Dei
2157 2737 2432 2827 publice
2465 2736 2916 2829 praedicaret.
2953 2743 3166 2821 Quem

625 2850 783 2896 cum
842 2825 1212 2917 propinqui
1262 2826 1436 2914 ejus,
1476 2826 1759 2913 quidam
1813 2826 2128 2895 homines
2176 2827 2345 2896 clari
2392 2840 2458 2896 et
2553 2838 2814 2896 otentes
2862 2827 3169 2896 audivis-

626 2926 798 2993 sent,
857 2929 1117 3005 patrem
1178 2915 1400 3002 ipsius
1448 2928 1941 2995 convenerunt,
2010 2928 2076 2984 et
2138 2915 2466 3006 reprehen
2524 2928 2748 2995 erunt,
2816 2913 3164 2985 dicentes:

629 3026 664 3071 «
696 3004 842 3072 Tibi
878 3004 1157 3073 crimini
1191 3002 1493 3083 dabitur,
1532 3015 1596 3072 et
1644 3002 1899 3072 recidet
1929 3004 1997 3072 in
2034 3019 2242 3094 caput
2283 3018 2505 3085 tuum,
2542 3003 2725 3091 quod
2779 3003 2975 3074 filius
3012 3019 3168 3074 tuus

623 3091 831 3162 audet
878 3104 1114 3163 contra
1168 3091 1331 3161 deos
1396 3091 1608 3179 loqui.
1663 3093 1838 3161 Dicit
1883 3093 2066 3162 enim
2117 3092 2484 3179 quemdam
2535 3093 2766 3163 lesum
2819 3093 3163 3163 Christum

618 3202 766 3251 esse
816 3203 1051 3252 verum
1103 3186 1346 3250 Deum.
1400 3181 1590 3263 Quod
1650 3180 1930 3268 quidem
1993 3182 2049 3251 si
2105 3182 2484 3271 pervenerit
2529 3181 2610 3251 ad
2678 3202 2886 3251 aures
2936 3187 3163 3270 Impe-

625 3270 893 3351 ratoriS,
927 3290 1051 3337 nec
1092 3268 1213 3340 tibi
1251 3282 1592 3359 parcetur,
1641 3291 1766 3339 nec
1796 3270 2016 3339 nobis.
2053 3271 2219 3352 Quis
2252 3270 2434 3340 enim
2478 3271 2662 3340 ausit
2693 3271 2862 3339 haec
2911 3270 3158 3348 dicere,

624 3357 759 3426 nisi
809 3359 928 3445 qui
981 3357 1248 3448 legibus
1289 3362 1788 3448 Imperatorum
1843 3358 2284 3447 impudenter
2328 3358 2768 3428 adversetur?
2818 3382 2853 3425 »

707 3447 744 3532 §
790 3451 875 3518 4.
932 3451 1156 3517 Iratus
1220 3447 1434 3536 igitur
1482 3445 1828 3516 Polemius
1877 3460 2101 3537 pater,
2154 3469 2311 3518 eum
2366 3449 2433 3516 in
2485 3448 2788 3517 obscuro*
2827 3447 3161 3535 foedoque

620 3555 893 3605 carcere
943 3534 1443 3605 includendum
1494 3535 1783 3616 curavit,
1837 3548 1901 3605 et
1950 3537 2370 3626 paucissimo
2407 3536 2561 3606 cibo
2598 3537 2858 3624 vesperi
2897 3550 3155 3606 tantum

619 3623 1095 3694 nutriendum.
1150 3627 1227 3692 At
1277 3624 1391 3693 Dei
1427 3624 1529 3693 vir
1577 3624 2052 3715 Chrysanthus
2097 3647 2248 3694 eam
2285 3647 2426 3694 rem
2480 3646 2603 3715 pro
2648 3626 3155 3706 exercitatione,

620 3734 755 3783 non
807 3735 929 3803 pro
994 3710 1365 3803 supplici0,
1418 3714 1707 3802 accepit.
1760 3712 1977 3800 quue
2031 3714 2388 3804 vulgatum
2439 3727 2504 3783 et
2542 3714 2872 3784 omnibus
2923 3728 3158 3784 notum

617 3801 770 3871 fuit.
824 3801 1116 3885 Quidam
1155 3801 1368 3892 igitur
1462 3802 1589 3872 atri
1638 3802 1792 3890 ejus
1831 3802 1961 3872 hoc
2009 3802 2375 3872 consilium
2427 3801 2657 3872 dedit:
2711 3828 2746 3868 «
2786 3803 2853 3871 Si
2904 3802 3147 3880 filium,

616 3891 963 3977 inquienS,
1015 3891 1216 3980 cupis
1275 3891 1362 3961 ab
1470 3913 1549 3960 oc
1598 3892 1950 3980 proposito
1998 3891 2369 3970 dimovere,
2422 3913 2590 3960 cura
2643 3891 2898 3981 potius,
2950 3904 3025 3961 ut
3082 3889 3151 3959 in

613 3980 880 4050 deliciis
927 3992 993 4049 et
1041 3979 1510 4070 voluptatibus
1578 3993 1920 4050 versetur:
1974 3981 2176 4067 eique
2246 3978 2787 4071 pulcherrimam
2848 3981 3153 4067 aliquam

616 4089 694 4137 ac
744 4068 1150 4157 prudentem
1216 4068 1517 4159 puellam
1590 4090 1871 4138 uxorem
1932 4068 2274 4170 ad’unge:
2328 4080 2407 4138 ut
2451 4067 2620 4139 dum
2689 4089 2762 4137 se
2828 4070 3158 4138 maritum

615 4177 762 4225 esse
792 4158 1220 4239 intellexerit,
1276 4157 1739 4228 Christianum
1791 4179 1941 4228 esse
1978 4179 2016 4226 o
2071 4157 2448 4229 liviscatur.
2516 4161 2685 4227 Nam
2751 4157 2920 4228 istas
2971 4171 3161 4227 tene-

618 4246 777 4314 bras
823 4260 1026 4333 atque
1073 4247 1446 4327 cruciatus,
1510 4246 1768 4334 quibus
1817 4261 1889 4317 tu
1941 4246 2139 4316 illum
2204 4246 2476 4335 affligis,
2533 4246 2899 4315 Christiani
2965 4244 3160 4314 laudi

620 4333 845 4422 potius
893 4335 1047 4414 sibi,
1101 4358 1307 4422 quam
1343 4336 1712 4426 supplicio,
1761 4335 2029 4405 ducunt
2060 4357 2229 4404 esse.
2270 4359 2307 4402 »
2337 4340 2478 4405 Hoc
2509 4334 2770 4415 audit0,
2808 4334 3164 4404 Polemius

613 4420 993 4493 triclinium
1044 4437 1224 4495 veste
1273 4425 1492 4495 serica
1539 4425 1795 4508 ornari,
1856 4437 1923 4495 et
1979 4446 2060 4495 eo
2106 4424 2329 4494 filium
2371 4446 2410 4493 e
2458 4424 2820 4495 tenebroso
2872 4443 3159 4493 carcere
