3347 4999
205 315 392 381 OCT.
458 315 536 378 1t3
886 369 893 373 .
1126 334 1205 380 ns
1254 334 1308 380 s.
1362 333 1650 379 numano
1701 332 1859 379 REGE
2540 317 2654 381 37⁴

202 418 489 486 honore
520 416 955 506 dignissimo,
988 417 1268 507 speciali
1300 438 1573 503 quoque
1599 416 1743 486 filio
1777 428 2007 486 nostro
2041 415 2357 485 Eduardo
2380 418 2757 509 Anglorum

200 506 390 595 regi,
456 505 911 577 visitationem
963 505 1458 585 omnimodam,
1517 503 1805 574 salutem
1858 503 2289 586 mellifluam,
2359 519 2424 576 et
2481 508 2760 577 benedi-

201 596 521 664 ctionem
562 593 1039 684 Apostolicam.
1088 594 1554 683 Omnipotenti
1603 598 1736 662 Deo
1784 593 2147 663 referimus
2194 607 2442 684 grateS‚
2486 597 2607 683 qui
2644 618 2760 666 ve-

203 698 436 755 stram
495 683 1105 771 prudentissimam
1155 681 1620 753 excellentiam
1675 683 1744 751 in
1793 682 2121 751 omnibus
2154 685 2421 753 ornavit
2451 697 2517 753 et
2562 686 2761 755 deco-

203 773 418 852 ravit,
462 793 535 840 er
584 793 624 840 a
663 773 937 841 beatum
991 776 1258 840 Petrum
1310 770 1781 861 Apostolorum
1828 771 2237 861 principem,
2291 785 2356 841 et
2395 773 2755 843 nobiscum

202 860 482 930 habere
567 859 979 941 ilectionem,
1013 873 1078 927 et
1109 861 1176 928 in
1214 860 1540 928 omnibus
1564 860 1967 949 Apostolicis
1997 861 2384 931 consentire
2417 863 2754 932 censuris.

205 951 509 1018 Litteras
558 949 771 1037 igitur
823 961 1081 1019 vestrae
1133 948 1470 1017 nobilitati
1512 948 2046 1018 transmittimus
2079 1003 2093 1030 ,
2146 962 2210 1018 et
2262 972 2380 1039 per
2424 972 2541 1020 eas
2602 973 2757 1020 san-

205 1051 493 1108 ctorum
530 1036 1005 1126 Apostolorum
1042 1038 1428 1106 societatem
1470 1050 1534 1105 et
1584 1050 1883 1107 nostram
1936 1037 2127 1107 vobis
2158 1038 2431 1120 damus,
2485 1051 2760 1109 orantes

210 1126 771 1196 misericordiam
833 1125 1069 1210 illius,
1122 1128 1241 1213 qui
1291 1137 1391 1194 est
1451 1126 1782 1194 Dominus
1848 1126 2187 1205 omnium,
2241 1139 2306 1196 et
2367 1150 2481 1197 rex
2549 1151 2761 1218 super

209 1215 463 1284 omnia
514 1213 701 1284 solus
731 1269 746 1295 ,
794 1228 870 1284 ut
914 1216 934 1282 i
991 1236 1063 1284 se
1120 1236 1239 1284 vos
1288 1214 1689 1304 participem
1742 1213 1944 1282 faciat
1989 1236 2066 1282 ex
2122 1216 2472 1299 omnibus,
2526 1218 2584 1286 si
2622 1239 2763 1303 qua

208 1316 383 1374 sunt
447 1325 675 1372 coram
729 1307 882 1384 Deo,
936 1239 1137 1373 bonis
1169 1303 1495 1391 operibus
1534 1301 1809 1383 nostriS,
1862 1315 1927 1371 et
1955 1301 2198 1370 fratres
2232 1325 2379 1384 nOS,
2427 1326 2506 1373 ac
2541 1306 2762 1375 socios

207 1393 281 1461 in
352 1414 487 1461 sua
538 1391 901 1460 dilectione
946 1392 1316 1461 constituat
1364 1392 1430 1460 in
1482 1392 1672 1460 omni
1723 1404 2024 1480 tempore
2080 1390 2428 1481 ampliuS,
2485 1416 2563 1463 ac
2621 1415 2759 1463 non

210 1481 568 1549 minorem
614 1492 871 1568 partem
912 1481 1224 1567 obsequii
1266 1481 1478 1548 nostri
1528 1480 1722 1554 vobis
1753 1479 1822 1547 in
1873 1501 1999 1548 suo
2048 1501 2256 1569 regno
2300 1482 2754 1572 reconsignet,

205 1591 430 1655 quam
489 1569 852 1638 nobismeti
907 1569 1002 1638 sis
1052 1569 1410 1658 provenire
1456 1583 1798 1657 optamus.
1854 1569 2126 1636 Erimus
2173 1568 2378 1637 etiam
2429 1569 2755 1660 deinceps

212 1680 348 1747 pro
390 1657 591 1728 vobis
639 1657 786 1727 sine
884 1658 1047 1726 ubio
1086 1671 1357 1726 orantes
1406 1653 1705 1737 assidue,
1748 1668 1822 1726 ut
1871 1657 2015 1746 ipse
2067 1660 2240 1725 Deus
2289 1658 2608 1747 suinciat
2640 1660 2763 1729 ho-

208 1759 355 1817 stes
406 1760 475 1815 et
527 1746 867 1825 inimicos,
912 1747 1033 1832 qui
1072 1758 1308 1815 contra
1355 1767 1468 1816 vos
1501 1745 1841 1814 voluerint
1872 1745 2269 1833 insurgere;
2307 1759 2372 1814 et
2402 1748 2762 1818 confirmet

210 1857 337 1905 vos
387 1835 461 1903 in
503 1845 784 1923 paterno
824 1834 994 1904 solio
1038 1848 1102 1904 et
1147 1834 1427 1935 propria
1476 1834 1913 1911 haereditate,
1957 1856 2035 1901 ac
2093 1835 2331 1903 beatus
2386 1840 2623 1905 Petrus
2671 1838 2760 1906 sit

209 1923 419 1993 vobis
471 1935 703 1993 custos
735 1935 799 1992 et
838 1923 1109 2011 adjutor
1139 1946 1209 1991 in
1246 1924 1435 1991 omni
1486 1922 1948 1993 tribulatione.
1987 1927 2423 1992 Renovamus
2461 1946 2644 2014 ergo,
2694 1938 2760 1995 et

208 2012 750 2091 confirmamuS,
796 2033 873 2081 ac
907 2034 1245 2102 augemus
1278 2012 1470 2080 vobis
1499 2011 1851 2101 privilegia
1887 2025 2128 2092 vestra,
2168 2011 2427 2081 scilicet
2455 2027 2532 2082 ut
2562 2014 2763 2083 abso-

211 2101 414 2170 lutus
455 2100 603 2169 sitis
637 2100 723 2168 ab
754 2099 872 2168 illo
906 2114 1058 2170 voto
1090 2100 1268 2186 quod
1307 2100 1673 2176 timebatis.
1716 2114 1780 2168 et
1810 2101 1896 2169 ab
1929 2100 2439 2170 omnibusaliis
2511 2103 2762 2171 eccatis

210 2202 279 2258 et
333 2188 828 2275 iniquitatibus
867 2190 1107 2258 vestris
1141 2188 1542 2258 auctoritate
1590 2188 1805 2269 itlius,
1840 2189 1958 2275 qui
1994 2210 2123 2270 me,
2170 2189 2326 2259 licet
2361 2191 2427 2258 in
2488 2190 2754 2281 ignum,

218 2300 396 2346 suae
440 2288 713 2351 sanctae
745 2300 1056 2366 praeesse
1087 2278 1298 2347 voluit
1332 2275 1692 2346 Ecclesiae.

311 2373 352 2446 ἓ
389 2371 547 2439 16.
582 2388 618 2431 «
647 2370 997 2435 Praeterea
1037 2366 1136 2434 illi
1165 2366 1336 2445 loc0‚
1368 2387 1571 2452 quem
1610 2367 1742 2435 sub
1785 2365 2063 2434 nomine
2096 2378 2373 2435 sanctae
2408 2368 2761 2457 poeniten-

216 2454 358 2525 tiae
408 2453 955 2524 construendum
997 2466 1061 2524 et
1102 2454 1600 2524 meliorandum
1653 2454 2079 2544 suscepistis,
2132 2457 2486 2542 quoniam,
2522 2473 2597 2528 ut
2639 2457 2763 2529 ier·

218 2557 359 2624 tur,
441 2544 736 2633 primam
791 2544 1173 2629 antiquitus
1225 2545 1805 2613 consecrationem
1858 2566 1897 2612 a
1966 2545 2157 2613 beato
2232 2550 2424 2614 Petro
2471 2549 2755 2636 accepit,

216 2633 456 2721 cujus,
512 2631 667 2700 licet
706 2630 1000 2721 indigni,
1040 2632 1286 2701 vicarii
1333 2654 1600 2713 sumus,
1642 2645 1708 2701 et
1738 2633 1900 2717 quia
1936 2633 2119 2722 regia
2155 2634 2535 2720 antiquitus
2567 2634 2761 2703 sedes

213 2735 342 2801 est,
381 2743 471 2790 ex
508 2721 907 2789 auctoritate
941 2721 1063 2789 Dei·
1088 2733 1152 2789 et
1200 2736 1591 2789 sanctorum
1628 2720 2100 2811 Apostolorum
2137 2733 2338 2807 atque
2392 2722 2601 2808 hujus
2634 2728 2793 2792 Ro-·

218 2830 479 2878 manae
536 2808 726 2878 Sedis
773 2821 838 2877 et
895 2821 1124 2878 nostra
1182 2809 1651 2891 concedimuS‚
1701 2810 2184 2899 permittimuS,
2228 2822 2292 2878 et
2348 2809 2762 2880 solidissime

215 2898 403 2967 confi
420 2919 750 2978 rmamuS‚
786 2909 862 2967 ut
887 2898 1189 2987 amplius
1226 2898 1291 2967 in
1331 2911 1739 2988 perpetuum
1776 2899 1999 2987 regiae
2025 2898 2534 2967 constitutionis
2572 2898 2762 2968 locus

218 2987 333 3066 sit,
375 3000 583 3080 atque
627 2987 1106 3075 repositorium
1156 2987 1487 3077 regalium
1527 2987 1934 3076 insignium,
1977 2998 2041 3054 et
2071 2985 2396 3054 habitatio
2479 3000 2762 3075 erpetua

219 3075 728 3144 monachorum
768 3130 782 3154 ‚
834 3075 953 3161 qui
1004 3075 1178 3144 nulli
1230 3077 1514 3145 omnino
1578 3096 1906 3164 personae
1956 3074 2088 3143 nisi
2145 3075 2289 3164 regi
2345 3009 2754 3157 subdantur,

222 3163 664 3249 habeantque
727 3176 1126 3252 potestatem
1177 3164 1557 3234 secundum
1623 3162 1929 3252 regulam
1986 3163 2206 3231 sancti
2259 3163 2604 3232 Benedicti
2641 3186 2762 3254 per

226 3253 705 3321 successiones
737 3251 987 3342 eligere
1011 3276 1088 3320 ex
1120 3274 1188 3323 se
1225 3252 1503 3323 idoneos
1538 3252 1849 3333 AbbateS,
1885 3273 2104 3337 neque
2138 3251 2615 3321 introducatur
2643 3275 2763 3343 per

224 3339 626 3409 violentiam
662 3353 975 3409 extranea
1016 3363 1343 3441 persona,
1392 3341 1524 3409 nisi
1559 3362 1768 3427 quam
1811 3362 2096 3409 concors
2146 3342 2582 3441 congregatio
2614 3363 2762 3412 esse

140 3503 143 3504 ⁷
227 3428 700 3517 praeelegerit.
764 3428 1197 3498 Absolvimus
1236 3430 1437 3498 etiam
1489 3451 1645 3498 eum
1703 3427 1925 3497 locum
1992 3429 2077 3498 ab
2128 3450 2318 3498 omn1
2370 3430 2638 3500 servitio
2698 3443 2763 3499 et

227 3516 698 3587 dominatione
729 3517 1122 3606 episcopali,
1163 3530 1234 3586 ut
1276 3517 1513 3586 nullus
1546 3517 1924 3607 Episcopus
1958 3517 2121 3587 illuc
2157 3519 2446 3588 introeat
2483 3519 2761 3587 ordina—

227 3615 431 3674 turus
471 3618 591 3675 aut
631 3618 1122 3696 praecepturus
1156 3605 1443 3692 aliquid,
1485 3607 1620 3674 nisi
1653 3629 1734 3674 ex
1769 3606 2090 3694 petitione
2142 3621 2207 3676 et
2254 3629 2596 3677 consensu
2636 3607 2762 3676 Ab·

226 3691 410 3762 batis
459 3706 523 3762 et
572 3696 1091 3764 monachorum.
1122 3700 1198 3763 Et
1229 3693 1472 3763 habeat
1515 3693 1693 3762 idem
1739 3693 1931 3763 locus
1964 3693 2260 3764 liberum
2298 3696 2752 3784 procinctum,

230 3779 299 3847 id
349 3794 475 3860 est,
518 3783 850 3852 ambitum
908 3802 973 3851 et
1006 3783 1483 3852 coemeterium
1527 3796 1950 3852 mortuorum
1986 3784 2169 3852 circa
2203 3805 2297 3864 se,
2336 3784 2594 3870 absque
2626 3785 2762 3873 epi·

231 3869 491 3958 scopali
542 3870 642 3940 vel
678 3870 1048 3961 cujuslibet
1097 3884 1432 3961 respectu,
1473 3871 1573 3939 vel
1608 3873 1996 3952 exactione3
2032 3885 2094 3941 et
2144 3872 2401 3951 omnia,
2446 3893 2620 3957 quae
2669 3872 2753 3940 ad

234 3953 615 4028 libertatem
657 3972 721 4028 et
768 3958 1237 4030 exaltationem
1273 3959 1462 4028 illius
1503 3960 1632 4028 loci
1678 3958 1760 4027 ad
1802 3960 2125 4029 bonorem
2171 3960 2280 4027 Dei
2319 3960 2753 4047 pertinentia,

234 4063 355 4131 per
391 4060 684 4116 nostram
723 4049 1188 4118 auctoritatem
1227 4048 1548 4117 accedere
1575 4060 1886 4136 possunt,
1920 4048 2123 4116 hilari
2149 4062 2212 4117 et
2247 4047 2758 4135 promptissima

232 4132 577 4206 voluntate¹
625 4137 1093 4205 concedimus.
1155 4137 1621 4206 Possessiones
1672 4149 1897 4203 autem
1937 4191 1951 4216 ,
2005 4158 2178 4222 quas
2227 4135 2493 4220 antiqui
2564 4158 2758 4224 reges

234 4241 357 4291 seu
409 4226 829 4311 quicumque
876 4224 994 4293 alii
1058 4226 1395 4305 homines,
1456 4247 1572 4293 vos
1629 4245 1903 4310 quoque
1950 4236 2015 4292 et
2065 4225 2261 4292 vestri
2321 4223 2610 4294 barones
2669 4225 2754 4292 ad

178 4317 185 4322 '
231 4312 551 4380 eumdem
606 4313 829 4381 locum
880 4313 1287 4392 contulistis,
1326 4325 1389 4379 et
1445 4313 1741 4391 chartam,
1780 4334 1954 4398 quae
2007 4336 2084 4380 ex
2134 4314 2233 4380 eis
2294 4312 2508 4380 factae
2563 4324 2750 4391 sunt,

235 4395 468 4468 divina
507 4413 572 4469 et
636 4405 863 4470 nostra
923 4401 1319 4470 auctoritate
1372 4400 1800 4482 roboramuS‚
1837 4415 1900 4470 et
1944 4414 2123 4470 ratas
2156 4424 2233 4470 ac
2284 4400 2560 4470 stabiles
2607 4420 2760 4470 esse
