3347 4999
760 304 884 365 lli
2290 317 2300 324 ·
2963 296 3166 363 OCT.
3219 303 3242 363 4

1037 504 1480 604 BEATlSS.
1552 502 2087 603 FRANClSCl
2173 499 2864 602 CONFESSORtS

1289 690 1626 756 ORDINIS
1706 689 1995 755 MINOR.
2083 687 2593 755 FUNDATORIS

1782 873 1856 948 V
1889 873 1923 949 Ι
1950 872 2012 948 Τ
2042 871 2111 947 Α

1380 1040 2516 1089 AUCTORE80BONAVENTURA

1472 1185 1672 1253 mgr.
1709 1198 1886 1240 anno
1917 1185 2420 1241 1226—1talua.

1064 1415 1435 1481 ALOISIUS
1484 1414 1952 1481 LIPOMANUS
2000 1415 2254 1480 EPISC.
2311 1413 2853 1490 VERONENSIS,

1689 1537 1822 1603 PIO
1873 1537 2219 1603 LECTORI

756 1696 930 1768 Eam,
976 1712 1131 1774 quae
1191 1698 1509 1775 sequitur.·
1548 1696 1667 1756 divi
1733 1695 2037 1758 Francisci
2094 1697 2281 1757 vitam
2336 1696 2548 1757 beatus
2600 1694 2702 1755 ille
2753 1694 3236 1757 Bonaventura.

676 1786 915 1838 sanctae
967 1775 1277 1837 Romanae
1336 1775 1635 1838 Ecclesiae
1666 1773 2013 1842 ,Cardinalis
2054 1785 2116 1837 et
2160 1775 2483 1854 Episcopus
2526 1774 2940 1846 Albanensis,
3013 1776 3235 1837 Franci·

675 1859 836 1920 scani
882 1855 1144 1917 instituti
1191 1871 1315 1918 non
1358 1855 1556 1918 solum
1598 1862 1890 1928 sectator,
1936 1871 2156 1916 verum
2207 1862 2267 1916 et
2310 1857 2681 1917 instaurator
2725 1862 2791 1915 et
2840 1865 3080 1917 rector
3114 1903 3132 1927 ,
3173 1859 3237 1916 vit

681 1945 745 1999 in
791 1937 1019 1997 divinis
1059 1934 1383 2012 scripturis
1422 1934 1898 2008 eruditissimus,
1940 1940 2002 1996 et
2042 1936 2203 1998 vitae
2244 1937 2562 1996 sanctitate
2584 1935 3003 2010 conspicuus,
3034 1935 3117 1998 de
3151 1953 3238 2010 Quc-

680 2023 1029 2094 praeceptor
1070 2015 1201 2091 ejus
1233 2013 1575 2077 Alexander
1605 2015 1679 2076 de
1709 2013 1907 2087 Hales,
1933 2014 2135 2076 dicere
2157 2012 2416 2076 solebat:
2443 2013 2510 2075 in
2541 2013 3021 2076 Bonaventura
3071 2005 3236 2076 Arias

678 2111 952 2174 peccasse
990 2111 1112 2157 non
1150 2093 1418 2156 videtur:
1464 2109 1616 2172 puro
1658 2110 1727 2156 ac
1768 2093 2028 2173 simplici
2074 2093 2231 2173 stylo
2272 2092 2627 2173 descripsit,
2675 2101 2845 2154 tanta
2893 2105 3134 2156 autem
3177 2112 3238 2154 re·

684 2191 825 2236 rum
870 2175 1041 2252 copia
1084 2181 1144 2235 et
1185 2175 1626 2235 sententiarum
1672 2176 1974 2249 gravilate
2019 2172 2331 2246 refertam,
2380 2181 2447 2235 ut
2491 2181 2651 2233 totus
2679 2171 2969 2233 mundus
3008 2179 3152 2252 ejus
3177 2174 3236 2234 le·

682 2256 882 2315 ctione
928 2253 1146 2313 instrui
1192 2253 1409 2330 possit,
1464 2259 1524 2314 et
1575 2252 1645 2314 ad
1700 2269 1976 2315 amorem
2021 2252 2127 2313 Dei
2173 2270 2279 2332 per
2323 2251 2480 2315 beati
2525 2251 2828 2316 Francisci
2879 2254 3235 2332 exemplum

684 2335 1031 2395 instaurari.
1075 2331 1226 2408 Eg0,
1273 2340 1339 2394 ut
1383 2348 1600 2394 verum
1644 2332 1856 2406 fatear,
1900 2347 2040 2394 cum
2085 2332 2386 2404 Francisci
2430 2333 2627 2396 vitam
2669 2331 2834 2407 lego,
2867 2346 3014 2393 non
3061 2334 3236 2395 solua

681 2411 1005 2486 accendor,
1049 2412 1153 2472 sed
1207 2415 1269 2473 in
1323 2412 1451 2488 eJus
1492 2411 1890 2474 meditatione
1934 2418 2095 2473 totus
2138 2411 2488 2485 exardesco,
2539 2416 2745 2488 utpote
2789 2410 2858 2470 in
2905 2427 3054 2489 quo
3105 2421 3236 2475 tant}

683 2492 877 2554 divini
920 2492 1146 2555 amoris
1187 2491 1430 2555 claritas
1469 2490 1808 2565 effulserit,
1863 2502 1929 2553 ut
1982 2491 2249 2572 Angelus
2308 2492 2536 2569 potiuS,
2581 2498 2763 2566 atque
2814 2507 2898 2552 ex
2962 2508 3234 2572 supremz

685 2572 941 2646 ordine,
985 2574 1085 2653 qui
1138 2573 1323 2633 ardor
1372 2578 1436 2635 et
1487 2574 1845 2635 incendium
1887 2571 2147 2645 dicitur,
2197 2573 2388 2649 inagis
2439 2588 2622 2651 quam
2669 2570 2856 2631 homo
2901 2571 3042 2637 dici
3101 2588 3238 2651 posse

684 2652 974 2714 videatur.
1019 2652 1273 2728 Semper
1314 2653 1483 2714 enim
1526 2651 1911 2714 beatissimus
1966 2653 2080 2714 iste
2121 2653 2491 2729 cogitatione
2532 2653 2594 2712 in
2637 2650 2803 2712 coelo
2848 2652 3232 2714 versabatur.

684 2747 924 2809 ⁸semper
965 2733 1109 2795 felix
1154 2730 1286 2807 ejus
1326 2732 1531 2793 anima
1573 2746 1814 2793 summo
1855 2732 2087 2795 auctori
2133 2732 2457 2810 purissime
2487 2740 2549 2793 et
2584 2729 3022 2792 intensissime
3051 2735 3236 2795 inbae-

685 2812 874 2883 rebat‚
904 2813 1052 2874 adeo
1095 2816 1163 2873 ut
1206 2826 1349 2891 prae
1390 2812 1612 2873 amoris
1655 2812 2109 2888 magnitudine,
2154 2827 2296 2890 prae
2341 2828 2431 2884 ea,
2476 2826 2660 2889 quam
2704 2811 2878 2872 intus
2923 2813 3230 2886 gustabat.

682 2891 1005 2953 dulcedine
1028 2893 1216 2971 (quod
1253 2889 1602 2953 hominibus
1641 2890 2059 2953 ardentissime
2102 2890 2445 2952 amantibus
2486 2891 2849 2967 contingere
2893 2890 3100 2966 solet)
3130 2894 3236 2954 alis-

687 2979 863 3032 natus
906 2989 935 3032 a
981 2971 1290 3043 sensibus,
1335 2978 1515 3049 atque
1568 2978 1740 3033 extra
1796 2986 1858 3031 se
1909 2986 2036 3032 esse
2087 2970 2420 3032 videretur.
2473 2968 2706 3031 Accede
2750 2977 2812 3030 et
2846 2975 2946 3039 tu,
2988 2970 3234 3043 benigne

687 3050 904 3124 lector,
948 3051 1161 3113 accede
1202 3051 1275 3114 ad
1318 3058 1596 3112 sanctum
1646 3050 1854 3126 ignem
1909 3053 2134 3111 istum:
2181 3058 2348 3111 certo
2391 3050 2547 3123 scio,
2594 3046 2851 3110 calesces
2899 3048 3051 3126 plus
3096 3052 3234 3112 satis.

686 3129 799 3191 Sed
839 3129 963 3207 jam
1009 3132 1209 3209 ipsum
1254 3130 1314 3193 S.
1350 3130 1848 3192 Bonaventuram
1882 3130 2047 3191 audi.

1479 3321 1559 3386 IN
1611 3320 1860 3386 VITAM
1913 3319 1980 3386 S.
2036 3318 2456 3387 FRANCISCI

1271 3478 2662 3528 PROLOGUSBEATIBONAVENTURAE
2739 3476 2746 3483 '

781 3601 816 3687 ἓ
861 3605 939 3672 1.
994 3598 1326 3689 Apparuit
1373 3600 1592 3690 gratia
1642 3599 1759 3668 Dei
1808 3599 2175 3669 Salvatoris
2229 3598 2448 3671 nostri
2496 3598 2743 3670 diebus
2796 3601 2955 3673 istis
3027 3604 3240 3674 novis·

695 3689 891 3758 simis
943 3688 1012 3757 in
1058 3692 1260 3757 Servo
1309 3710 1434 3759 suo
1502 3688 1888 3770 FranciscO,
1942 3688 2270 3760 omnibus
2327 3710 2481 3759 vere
2536 3687 2930 3762 humilibus
2980 3705 3057 3762 et
3111 3713 3244 3764 san-

695 3790 841 3847 ctae
876 3776 1300 3867 paupertatis
1332 3776 1601 3859 amicis,
1654 3778 1776 3864 qui
1815 3777 2421 3867 superaffluentem
2458 3778 2527 3846 in
2563 3798 2643 3848 eo
2682 3777 2798 3847 Dei
2852 3778 3243 3851 misericor·

696 3866 883 3936 diam
918 3877 1341 3947 venerantes,
1381 3864 1403 3934 i
1458 3865 1605 3936 sius
1643 3863 2063 3936 erudiuntur
2107 3865 2442 3956 exemp10,
2483 3865 2911 3957 impietatem
2949 3882 3023 3940 et
3067 3892 3244 3941 secu-

696 3954 870 4024 laria
895 3953 1235 4024 desideria
1268 3953 1387 4025 fun
1447 3955 1583 4024 itus
1619 3954 1985 4045 abnegare,
2017 3955 2281 4026 Christo
2307 3953 2752 4026 conformiter
2775 3956 3039 4040 vivere,
3076 3974 3143 4030 et
3169 3957 3242 4028 ad

695 4043 962 4113 beatam
1000 4065 1191 4133 spem
1236 4043 1575 4114 desiderio
1609 4041 1950 4114 indefesso
1981 4044 2193 4114 sitire.
2228 4048 2303 4113 In
2341 4045 2573 4135 ipsum
2613 4066 2943 4133 namque,
2989 4061 3079 4118 ut
3111 4068 3246 4117 vere

698 4132 1201 4222 pauperculum
1254 4144 1319 4201 et
1363 4131 1762 4212 contritum,
1806 4142 1992 4201 tanta
2041 4136 2218 4202 Deus
2261 4132 2570 4203 excelsus
2600 4133 3067 4224 benignitatis
3101 4158 3247 4207 con-

699 4219 1146 4292 descensione
1177 4220 1493 4311 respexit,
1533 4220 1715 4308 quod
1753 4241 1889 4289 non
1924 4220 2147 4292 solum
2178 4220 2263 4290 de
2290 4220 2671 4291 mundialis
2708 4226 3250 4297 conversationis

704 4308 983 4398 pulvere
1014 4308 1367 4379 suscitavit
1398 4311 1696 4401 egenum
1730 4363 1745 4391 ‚
1801 4330 2034 4379 verum
2085 4309 2291 4380 etiam
2334 4310 2781 4402 Evangelicae
2807 4312 3248 4401 perfectionis

699 4396 1181 4489 professorem,
1235 4397 1483 4470 ducem
1533 4410 1739 4487 atque
1788 4419 2195 4490 praeconem
2244 4398 2598 4482 effectum,
2652 4398 2721 4468 in
2783 4398 3024 4474 lucem
3078 4403 3248 4477 dedit

2457 4510 2480 4536 Ο
