3347 4999
661 349 789 414 212
1073 363 1152 408 na
1199 362 1253 409 s.
1310 361 1601 409 aaunoaa
1648 361 2152 412 caarncsmxoa.
2211 359 2601 408 PATRIARCHA
2723 337 2732 347 ’
2845 343 3020 409 OCT.
3077 345 3126 408 6

574 463 813 521 cautos
864 470 988 518 nos
1042 447 1290 527 faciat,
1348 460 1410 516 et
1460 445 1792 515 sollicitos
1848 446 1929 516 ad
1984 445 2400 537 placandum
2455 445 2849 526 Dominum,
2915 447 3128 535 cujus

574 562 861 610 manum
912 537 1210 626 effugere
1260 557 1462 604 nemo
1526 547 1765 625 potest.
1821 541 1898 605 Et
1944 537 2138 623 quis,
2193 536 2523 613 obsecro,
2586 547 2724 603 tam
2777 557 2977 605 saxeo
3028 536 3128 605 sit

575 641 874 720 pectore,
926 624 1301 714 quem‘tale
1348 623 1740 713 exemplum
1777 624 1861 692 ad
1906 624 2242 715 agendam
2298 623 2783 712 poenitentiam
2839 645 2971 692 non
3012 625 3127 692 in-

573 722 735 786 vitet
785 715 1009 794 mod0,
1057 713 1171 781 sed
1209 713 1411 782 etiam
1450 713 1541 780 im
1600 711 1807 780 ellat?
1856 717 1980 781 Aut
2025 713 2184 799 quis
2236 725 2369 780 tam
2413 711 2648 780 lethali
2690 734 2971 812 pressus
3022 715 3124 782 sit

574 826 817 875 somno
868 804 1187 872 vitiorum
1224 857 1238 882 ‚
1293 813 1367 871 ut
1415 801 1546 890 dep
1581 802 1753 869 orati
1805 800 2109 880 hominis
2158 800 2374 888 liujus
2423 800 2745 870 infaustis
2791 800 3124 871 clamori-

574 898 730 974 bus,
788 895 1000 962 immo
1039 904 1103 961 et
1152 890 1474 960 tonitruis
1508 911 1644 960 non
1677 890 2009 960 excitetur
2039 903 2103 958 et
2134 889 2547 979 expergefiat
2594 890 2677 958 ad
2729 890 3124 960 curandam

574 984 868 1053 salutem
912 979 1520 1049 suamTNovimus
1570 980 1756 1048 hunc
1793 980 2014 1048 virum
2061 979 2271 1049 multa
2309 979 2651 1068 sapientia
2698 979 3122 1068 praeditum,

574 1072 888 1141 moribus
936 1081 1299 1148 ornatum,
1366 1081 1631 1137 castum
1662 1122 1677 1147 ,
1744 1067 2072 1156 pudicum
2111 1122 2131 1148 ,
2191 1068 2623 1158 prudentem,
2664 1068 2751 1137 ab
2790 1067 3127 1139 omnibus

574 1162 987 1231 honoratum
1040 1170 1104 1227 et
1156 1178 1404 1245 magno
1454 1157 1520 1225 in
1568 1158 1782 1246 pretio
1831 1157 2168 1226 habitum.
2208 1161 2283 1225 At
2332 1179 2516 1226 nunc
2556 1178 2635 1225 ex
2667 1158 2818 1247 ejus
2850 1178 2964 1226 ore
2995 1179 3125 1226 au-

573 1250 922 1328 divimus,
970 1247 1158 1335 justo
1206 1267 1362 1314 euin
1417 1246 1527 1313 Dei
1570 1245 1838 1336 judicio
1905 1245 2469 1315 condemnatum.
2542 1250 2687 1328 Qua
2740 1267 2898 1315 voce
2945 1245 3117 1333 quid

574 1339 793 1429 possit
840 1349 959 1406 aut
1007 1335 1169 1415 dici,
1210 1348 1328 1403 aut
1374 1334 1541 1423 fingi
1587 1334 2008 1403 terribilius?
2056 1334 2223 1417 Quis
2271 1334 2356 1402 ad
2412 1334 2562 1421 ejus
2611 1334 2923 1403 auditum
2978 1356 3118 1403 non

574 1442 757 1497 totus
805 1425 1339 1494 contremiscat?
1402 1422 1576 1505 Quid
1638 1435 1739 1491 est
1785 1424 1969 1491 enim
2021 1422 2430 1492 damnatum
2479 1445 2661 1505 esse,
2734 1424 2865 1491 nisi
2913 1423 2979 1490 in
3032 1444 3120 1490 ea

576 1515 905 1585 incidisse
941 1513 1146 1595 mala,
1191 1532 1365 1600 quae
1417 1511 1607 1580 nulla
1658 1533 1854 1582 mens
1900 1533 2167 1601 capere,
2226 1511 2417 1580 nulla
2488 1511 2724 1602 lingua
2775 1510 3122 1602 explicare

574 1608 835 1696 potest?
883 1608 1069 1686 Quae
1106 1615 1327 1671 tamen
1369 1601 1425 1669 si
1466 1599 1882 1687 quandoque
1918 1600 2123 1669 finem
2160 1601 2516 1680 haberent,
2611 1614 2841 1672 ossent
2874 1600 3122 1669 saltem

576 1707 954 1779 utcumque
1019 1691 1233 1759 videri
1293 1687 1717 1769 tolerabilia;
1760 1689 1908 1779 jam
1959 1711 2114 1759 vero
2162 1713 2319 1759 cum
2374 1692 2509 1760 sint
2595 1712 2770 1780 onge
2818 1689 3121 1758 acerbis-

574 1783 775 1862 sima,
815 1802 937 1849 nec
976 1779 1200 1848 ullum
1235 1799 1546 1864 unquam
1595 1777 1800 1847 etiam
1856 1791 2004 1867 post
2054 1779 2361 1848 infinitas
2395 1800 2734 1848 annorum
2770 1777 3119 1868 myriades

574 1872 783 1941 finem
827 1868 1192 1957 accipiant,
1247 1887 1380 1936 non
1418 1879 1707 1955 possunt
1746 1887 1878 1936 non
1912 1888 2061 1936 esse
2091 1869 2403 1937 omnium
2451 1868 2816 1936 miserrimi
2854 1880 2918 1936 et
2949 1866 3120 1935 infe-

576 1958 916 2036 licissimi,
949 1958 1070 2044 qui
1104 1956 1187 2024 ad
1224 1977 1305 2024 ea
1330 1954 1810 2024 devolvuntur.
1847 1955 2210 2026 Videamus
2240 1978 2446 2039 nunc,
2480 1955 2722 2026 fratres
2755 1958 2912 2035 mei,
2945 1955 3114 2042 quid

574 2049 759 2139 apud
800 2046 1051 2115 inferos
1105 2046 1316 2134 prosit
1363 2044 1423 2112 ei
1476 2057 1611 2112 tam
1666 2043 1883 2113 multo
1927 2045 2155 2115 labore
2199 2059 2388 2135 parta
2422 2046 2731 2125 scientia,
2773 2067 2931 2114 cum
2976 2044 3118 2112 illic

578 2137 995 2226 sempiterna
1050 2133 1307 2203 laboret
1355 2133 1681 2202 caecitate
1726 2146 1791 2203 et
1840 2134 2486 2222 ignorantiaTQuid
2522 2157 2686 2224 opes
2733 2145 2798 2202 et
2847 2135 3111 2223 copiae,

575 2249 738 2294 cum
792 2246 914 2293 nec
964 2246 1099 2291 una
1135 2224 1194 2291 ei
1250 2235 1568 2312 suppetat
1614 2243 1835 2308 aquae
1869 2235 2083 2313 gutta,
2136 2245 2269 2309 qua
2325 2224 2538 2312 possit
2586 2223 2967 2292 aestuantis
3001 2244 3122 2313 ge·

578 2315 851 2383 hennae
900 2311 1265 2381 ardoribus
1313 2324 1618 2381 exustam
1676 2310 2076 2401 refrigerare
2119 2311 2473 2402 linguam?
2502 2311 2677 2394 Quid
2731 2312 3025 2381 honores
3056 2323 3124 2380 et

577 2401 885 2481 deliciae,
927 2423 1082 2469 cum
1137 2413 1231 2470 tot
1278 2421 1464 2468 nunc
1514 2400 1581 2467 in
1634 2422 1911 2469 omnem
1962 2401 2427 2470 aeternitatem
2462 2413 2748 2490 cogatur
2780 2400 2954 2469 ferre
2987 2413 3123 2468 tor-

579 2506 833 2569 menta,
866 2503 1034 2577 quot
1073 2489 1139 2558 in
1180 2488 1438 2559 mundo
1475 2488 1714 2558 habuit
1754 2489 2301 2560 oblectamenta?
2329 2489 2641 2560 Vidimus
2672 2513 2927 2581 corpus
2966 2489 3122 2577 ejus

577 2603 737 2650 cum
793 2602 1067 2650 summa
1114 2579 1493 2668 ignominia
1546 2578 1821 2668 sepeliri
1886 2579 1953 2647 in
2017 2580 2483 2666 sterquilinio:
2536 2580 2923 2668 cogitemus
2970 2579 3122 2648 ani-

578 2692 762 2738 mam
812 2670 965 2756 ejus
1016 2668 1413 2757 sulphureis
1462 2689 1735 2757 semper
1781 2689 2094 2737 arsuram
2148 2669 2474 2749 flammis,
2530 2669 2870 2759 sepultam
2910 2667 2978 2736 in
3008 2669 3123 2739 in-

578 2759 793 2838 fern0‚
855 2757 975 2826 ubi
1034 2756 1283 2825 vermis
1332 2779 1567 2826 eorum
1631 2778 1765 2825 non
1821 2757 2186 2838 morietur,
2235 2780 2358 2827 nec
2414 2757 2598 2847 ignis
2636 2758 3118 2847 extinguetur3

575 2848 697 2917 ubi
747 2846 927 2938 ignis
978 2846 1190 2915 saevit
1241 2845 1728 2925 intolerabilis,
1775 2845 1988 2915 foetor
2036 2846 2301 2916 cruciat
2358 2846 2875 2926 abominabilis,
2926 2846 3124 2916 dolor

575 2948 792 3005 vastat
841 2935 1234 3005 ineffabilis.
1291 2934 1678 3024 Cogitemus
1731 2934 1919 3015 haec,
1960 2933 2202 3005 fratres
2252 2936 2410 3017 mei,
2451 2958 2573 3005 nec
2626 2934 3117 3025 perfunctorie,

579 3026 694 3094 sed
768 3024 945 3094 serio
1010 3024 1438 3114 cogitemus,
1493 3034 1557 3091 et
1619 3022 1903 3091 salutari
1966 3024 2358 3093 animarum
2410 3036 2804 3094 nostrarum
2857 3024 3125 3114 ample-

577 3114 823 3183 ctendo
876 3113 1175 3213 remedio
1226 3111 1423 3180 nobis
1475 3112 2017 3200 prospiciamuS,
2087 3135 2172 3181 ne
2219 3114 2423 3184 etiam
2467 3135 2589 3183 nos
2636 3136 2795 3183 cum
2840 3113 2958 3182 illo
3004 3133 3129 3211 pe-

579 3225 883 3272 reamus,
958 3206 1248 3270 Unicum
1300 3212 1526 3269 autem
1582 3215 1897 3289 superest
1948 3202 2329 3272 remedium
2369 3257 2383 3284 ,
2439 3225 2596 3272 vera
2647 3202 3064 3293 poenitentia
3101 3255 3117 3279 ,

579 3314 738 3359 cum
779 3292 925 3379 ipse
961 3289 1266 3357 Salvator
1314 3289 1537 3357 dicat:
1602 3292 1755 3358 Nisi
1794 3292 2277 3380 poenitentiam
2327 3294 2622 3392 eqeritiS,
2675 3313 2895 3360 omnes
2939 3291 3129 3358 simi·

583 3382 740 3448 liter
784 3380 1088 3469 peribitis
1134 3378 1393 3465 (Lucae
1440 3400 1554 3446 xm
1589 3433 1604 3458 ,
1661 3378 1769 3467 5).
1833 3379 2036 3448 Plena
2096 3392 2198 3449 est
2247 3386 2603 3469 Scriptura
2652 3379 2933 3448 vocibus
2964 3431 2979 3458 ,
3033 3377 3126 3448 ad

585 3467 1072 3558 poenitentiam
1126 3466 1582 3536 hortantibus
1630 3472 1822 3536 Hanc
1856 3468 2086 3554 itaque
2138 3491 2260 3538 nos
2301 3469 2825 3570 amplectamur,
2879 3467 3126 3536 fratres

582 3555 966 3635 carissimi,
1028 3555 1082 3622 si
1136 3555 1451 3624 volumus
1481 3556 1748 3643 justum
1789 3558 1901 3626 Dei
1951 3558 2252 3647 effugere
2291 3558 2664 3647 judicium.
2728 3556 2875 3627 Sint
2922 3556 3126 3624 nobis

580 3646 927 3734 lacrymae
976 3657 1246 3712 nostrae
1292 3644 1641 3732 panesdie
1682 3668 1760 3714 ac
1802 3658 2022 3725 nocte,
2077 3661 2141 3716 et
2183 3646 2650 3716 iisdiluamus
2692 3644 2926 3717 sordes
2963 3666 3121 3734 pec-

580 3748 888 3804 catorum
943 3744 1359 3801 nostrorum.
1404 3737 1610 3801 Voces
1673 3732 1855 3816 illae,
1910 3756 2084 3821 quas
2144 3735 2577 3817 audiviinuS‚
2648 3757 2781 3805 non
2851 3747 3130 3825 propter

582 3823 778 3892 illurn
829 3822 1049 3892 editae
1099 3833 1283 3900 sunt,
1322 3822 1438 3906 qui
1490 3821 1862 3894 defunctus
1910 3838 2034 3904 est,
2089 3825 2203 3894 sed
2260 3838 2534 3914 propter
2584 3847 2743 3905 nos,
2800 3837 2876 3894 ut
2927 3822 3126 3894 nobis

581 3911 985 4001 proficiant,
1038 3932 1211 3999 quos
1268 3909 1496 3979 adhuc
1555 3909 1787 3980 divina
1843 3914 2163 4002 patientia
2219 3913 2326 3982 lon
2383 3914 2705 3983 animiter
2751 3921 3122 4002 exspectat.

582 4006 721 4069 Non
759 4000 1183 4079 differam11S‚
1238 4021 1516 4086 quaeso,
1575 4001 1749 4069 vitae
1796 4003 2282 4072 correctionem
2377 4026 2410 4071 e
2446 4004 2556 4072 die
2607 4004 2676 4071 in
2719 4001 2929 4084 diem,
2962 4022 3125 4070 cum

582 4090 999 4167 nesciamuS,
1046 4114 1182 4181 (lua
1230 4089 1389 4159 hora
1440 4092 1762 4160 Dominus
1811 4102 2029 4160 noster
2075 4103 2394 4161 venturus
2440 4095 2550 4161 sit.
2606 4093 2731 4174 Qui
2774 4092 2986 4171 enim,
3049 4099 3130 4159 ut

584 4179 677 4247 ait
728 4178 1167 4248 beatissimus
1211 4177 1507 4267 pontifex
1557 4180 1949 4270 Gregorius,
1995 4180 2364 4267 poenitenti
2416 4181 2680 4250 veniam
2726 4178 3123 4271 spopondit,

584 4269 892 4357 peccanti
943 4268 1123 4336 diem
1163 4268 1538 4338 crastinum
1585 4291 1719 4337 non
1775 4268 2109 4360 promisit.
2149 4292 2186 4335 »

676 4365 713 4439 ἓ
765 4365 856 4431 θ.
912 4358 1033 4427 His
1084 4358 1306 4427 verbis
1353 4360 1750 4446 compuncti
1805 4370 1964 4427 sunt
2010 4358 2214 4427 corde
2260 4379 2500 4427 omnes
2550 4357 2694 4439 illi,
2747 4370 2811 4427 et
2858 4356 3133 4427 ardenti

584 4445 924 4518 desiderio
973 4447 1346 4537 cupiebant
1393 4447 1555 4515 dare
1606 4469 1678 4516 se
1729 4447 2182 4536 poenitentiae
2217 4501 2232 4530 ,
2289 4446 2403 4517 sed
2458 4447 2741 4518 modum
2790 4460 2855 4517 et
2893 4446 3132 4516 locum
