3347 4999
615 317 743 380 622
1369 332 1446 376 m:
1493 333 1548 375 s.
1596 331 1937 377 numitoris
1984 333 2223 378 ,tanna
2756 312 2927 377 OCT.
2988 316 3065 377 21

527 419 658 509 ipsi
709 430 937 493 erant,
994 414 1378 504 pertineret.
1436 420 1510 483 Et
1559 414 1676 484 ille
1733 415 2283 506 collacrymanS,
2343 404 2765 503 tendensque
2824 416 2907 484 ad
2949 418 3067 505 ja·

526 520 789 577 centem
847 526 1161 573 manum:
1209 526 1243 568 «
1280 504 1452 582 Tibi,
1512 504 1757 590 inquit,
1811 504 2002 573 dico:
2055 510 2131 573 In
2179 505 2455 574 nomine
2514 505 2782 574 Domini
2842 506 3059 574 nostri

523 596 697 666 Jesu
737 593 980 662 Christi
1022 614 1142 661 sur
1191 614 1249 670 e,
1302 606 1366 660 et
1404 592 1710 661 ambula.
1760 616 1795 658 »
1848 594 2010 663 Mira
2064 593 2418 663 velocitasl
2461 594 2697 663 Adhuc
2735 592 2931 662 verba
2991 595 3066 663 in

525 706 641 755 ore
690 682 1026 769 loquentis
1068 703 1144 749 vo
1179 682 1528 761 rebantur,
1580 695 1645 750 et
1682 682 1829 771 jam
1883 684 2189 751 membra
2229 682 2521 752 solidata
2569 682 2653 751 ad
2690 682 3048 763 standum,

528 773 876 842 hominem
916 770 1372 858 surrigebant.
1426 770 1617 852 Quod
1672 783 2030 860 postquam
2073 771 2389 841 auditum
2441 783 2564 852 est,
2619 773 2821 840 etiam
2873 770 3062 839 diffi-

529 861 850 932 cultatem
907 859 1033 929 loci
1081 873 1145 927 et
1195 860 1318 926 iter
1379 859 1639 928 invium
1698 859 2153 949 plurimorum
2215 860 2374 928 vicit
2424 862 2831 930 necessitas:
2882 859 3057 928 nihil

529 972 744 1037 aeque
797 970 913 1036 per
959 948 1325 1017 circuitum
1383 948 1648 1016 cunctis
1718 948 1896 1016 villis
1945 949 2489 1028 observantibus,
2543 971 2750 1036 quam
2804 970 2887 1017 ne
2921 971 3062 1035 quo

534 1038 738 1108 modo
800 1037 1206 1106 elaberetur.
1278 1035 1846 1107 Disseminaverat
1906 1038 2087 1105 enim
2156 1038 2281 1107 hoc
2332 1037 2415 1106 de
2473 1059 2552 1106 eo
2602 1059 2881 1117 rumor,
2939 1037 3066 1106 diu

528 1149 686 1196 eum
740 1126 805 1194 in
855 1125 1093 1194 eodem
1146 1124 1292 1193 loco
1360 1146 1633 1193 manere
1697 1147 1827 1193 non
1930 1148 2103 1194 osse.
2164 1126 2354 1209 Quod
2422 1126 2534 1195 ille
2606 1149 2735 1195 non
2793 1126 3057 1194 levitate

530 1214 858 1303 quadam,
898 1226 1015 1282 aut
1059 1211 1299 1301 puerili
1353 1234 1557 1281 sensu
1609 1214 1827 1282 victus
1901 1214 2185 1295 aciebat,
2242 1215 2354 1285 sed
2411 1216 2734 1284 honorem
2787 1215 3053 1305 fugiens

527 1317 592 1374 et
630 1303 1241 1391 importunitatem.
1299 1306 1579 1391 Semper
1635 1303 1818 1371 enim
1871 1303 2247 1384 silentium,
2301 1316 2366 1373 et
2414 1305 2618 1373 vitam
2678 1303 3049 1393 ignobilem

528 1391 983 1462 desiderabat.

615 1484 846 1568 §82
892 1480 1111 1569 Igitur
1156 1478 1570 1567 octogesimo
1609 1479 1849 1547 aetatis
1899 1502 2070 1547 suae
2117 1502 2322 1560 ann0,
2376 1502 2533 1548 cum
2585 1482 2837 1550 absens
2875 1492 3059 1549 esset

528 1569 935 1658 Hesychius,
989 1568 1186 1655 quasi
1238 1567 1619 1635 testamenti
1682 1568 1821 1636 vice
1871 1568 2140 1636 brevem
2196 1591 2406 1637 manu
2468 1569 2741 1659 propria
2777 1570 3055 1658 scripsit

527 1658 913 1748 epistolam,
970 1678 1208 1726 omnes
1255 1656 1527 1724 divitias
1559 1678 1723 1724 suas
1760 1657 1820 1723 ei
1861 1656 2377 1743 derelinquens:
2434 1658 2873 1748 Evangelium
2920 1658 3056 1726 sci-

529 1747 707 1828 licet,
743 1761 806 1816 et
856 1746 1156 1816 tunicam
1211 1767 1543 1821 sacceam,
1580 1744 1923 1814 cucullam
1972 1759 2037 1814 et
2096 1745 2475 1834 palliolum.
2517 1751 2679 1815 Nam
2744 1746 3063 1815 minister

528 1838 680 1906 e'us
726 1849 882 1904 ante
943 1856 1197 1925 paucos
1244 1833 1390 1902 dies
1437 1833 1719 1902 obierat.
1784 1839 2124 1902 Venerunt
2172 1834 2400 1921 itaque
2448 1834 2530 1903 ad
2590 1847 3051 1923 aegrotantem

576 1948 612 1994 e
647 1924 879 2013 Papho
930 1923 1127 1992 multi
1177 1922 1474 2011 religiosi
1513 1922 1659 1990 viri:
1715 1936 1779 1990 et
1815 1923 2127 2002 maxime,
2184 1924 2362 2010 quod
2415 1945 2570 1991 eum
2615 1923 2868 1993 dixisse
2929 1946 3055 1991 au-

525 2014 816 2091 dierant,
861 2014 1006 2100 jam
1066 2034 1136 2079 se
1198 2011 1281 2080 ad
1339 2011 1700 2079 Dominum
1764 2012 2242 2100 migraturum,
2292 2011 2486 2081 etde
2537 2013 2844 2101 corporis
2909 2012 3058 2080 vin-

527 2102 706 2172 culis
773 2100 1226 2171 liberandum.
1305 2099 1428 2169 Sed
1488 2111 1552 2169 et
1599 2100 1989 2169 Constantia
2051 2101 2384 2186 quaedam
2453 2115 2687 2170 sancta
2744 2100 3044 2181 femina,

530 2192 732 2278 cujus
801 2210 1124 2279 generum
1194 2198 1258 2256 et
1330 2187 1538 2256 filiam
1606 2188 1691 2256 de
1759 2202 1973 2257 morte
2039 2189 2439 2258 liberaverat
2503 2190 2826 2258 unctione
2891 2189 3049 2258 olei.

524 2284 705 2361 Quos
751 2300 990 2346 omues
1031 2276 1388 2362 adjuravit,
1444 2290 1517 2344 ut
1560 2298 1640 2344 ne
1694 2291 1940 2361 puncto
1980 2277 2258 2363 quidem
2314 2278 2518 2346 horae
2560 2292 2707 2366 post
2759 2292 3045 2347 mortem

526 2379 1019 2435 reservaretur:
1067 2364 1181 2434 sed
1249 2365 1473 2433 statim
1539 2386 1693 2432 eum
1740 2365 1806 2432 in
1845 2365 2078 2434 eodem
2144 2366 2413 2435 hortulo
2452 2369 2625 2435 terra
2674 2367 3048 2456 operirent,

524 2455 701 2526 sicut
751 2454 1029 2523 vestitus
1061 2465 1205 2523 erat
1252 2452 1317 2521 in
1375 2452 1604 2522 tunica
1650 2452 1950 2535 cilicina,
1990 2468 2051 2524 et
2082 2455 2378 2537 cuculla,
2432 2469 2496 2525 et
2544 2478 2708 2546 sago
2761 2456 3041 2526 rustico.

518 2549 809 2631 Jamque
863 2543 1173 2611 modicus
1229 2542 1414 2611 calor
1473 2543 1735 2632 tepebat
1792 2543 1862 2611 in
1916 2557 2219 2634 pectore;
2278 2567 2397 2613 nec
2450 2559 2711 2634 praeter
2760 2566 3039 2615 sensum

525 2634 895 2720 quicquam
947 2632 1075 2700 vivi
1128 2631 1427 2701 hominis
1492 2644 1866 2719 supererat,
1921 2647 1982 2701 et
2051 2646 2299 2713 tamen,
2356 2633 2611 2722 apertis
2650 2632 2894 2712 oculiS,
2956 2633 3050 2701 lo-

519 2723 888 2808 quebatur:
943 2743 979 2786 «
1012 2719 1365 2811 Egredere,
1403 2719 1567 2805 quid
1622 2719 1871 2789 times?
1917 2720 2271 2811 Egredere,
2334 2722 2565 2790 anima
2616 2744 2806 2802 mea,
2878 2720 3047 2807 quid

519 2811 848 2881 dubitas?
894 2809 1331 2899 Septuaginta
1368 2808 1401 2843 ⁴*
1437 2830 1643 2897 prope
1693 2809 1893 2879 annis
1945 2810 2207 2880 servisti
2270 2810 2570 2887 Christo.
2635 2825 2699 2880 et
2757 2824 3044 2879 mortem

518 2899 758 2970 times?
795 2923 828 2965 »
879 2903 954 2966 In
1007 2899 1172 2967 haec
1235 2898 1436 2966 verba
1500 2897 1840 2968 exhalavit
1900 2899 2219 2988 spiritum
2256 2899 2346 2967 **.
2404 2899 2785 2987 Statimque
2833 2899 3050 2967 humo

517 2989 840 3058 obrutum
874 3042 888 3068 ,
944 3000 1099 3056 ante
1146 2986 1302 3055 urbi
1375 2985 1763 3086 sepultum,
1817 3009 2023 3073 quam
2078 3000 2460 3064 mortuum,
2519 2988 3043 3056 nunciaverunt.

516 3078 704 3160 Quod
769 3089 1128 3166 postquam
1188 3075 1605 3145 Palaestinae
1671 3089 1953 3145 sanctus
1994 3075 2095 3143 vir
2141 3076 2402 3145 audivit
2440 3077 2851 3164 Hesychius,
2903 3098 3053 3165 per-

515 3167 688 3234 rexit
727 3165 809 3233 ad
849 3169 1171 3255 Cyprum,
1215 3178 1281 3233 et
1327 3163 1665 3233 simulans
1697 3186 1767 3232 se
1802 3164 1969 3232 velle
2002 3163 2308 3233 habitare
2343 3165 2410 3232 in
2454 3165 2690 3233 eodem
2747 3165 3045 3244 hortum,

513 3266 590 3322 ut
638 3254 951 3343 diligenti
999 3252 1348 3322 custodiae
1398 3275 1516 3321 sus
1575 3252 1859 3321 icionem
1913 3251 2164 3321 accolis
2216 3252 2515 3333 tolleret,
2569 3276 2726 3322 cum
2782 3253 3038 3343 ingenti

513 3341 690 3410 vitae
740 3363 905 3411 suae
955 3340 1258 3430 periculo
1310 3352 1459 3432 post
1554 3362 1739 3409 ecem
1799 3340 1936 3410 sere
1986 3363 2253 3411 menses
2301 3363 2555 3431 corpus
2587 3343 2736 3431 ejus
2778 3341 3036 3411 furatus

516 3441 641 3499 est.
696 3429 888 3512 Quod
957 3430 1313 3519 Majomam
1354 3429 1688 3506 deferens,
1745 3429 1901 3499 totis
1970 3430 2463 3500 monachorum
2515 3442 2581 3499 et
2627 3430 3035 3520 oppidorum

514 3518 736 3588 turbis
788 3518 1393 3608 prosequentibus,
1459 3519 1523 3585 in
1590 3518 1873 3604 antiquo
1929 3518 2339 3590 monasterio
2393 3518 2738 3597 condidit,
2807 3519 3039 3588 illaesa

516 3607 779 3688 tunica,
835 3606 1111 3677 cuculla
1148 3621 1211 3677 et
1249 3606 1545 3696 palliolo,
1599 3619 1663 3677 et
1716 3620 1847 3676 toto
1881 3630 2185 3697 corpore,
2238 3609 2440 3696 quasi
2488 3607 2717 3677 adhuc
2769 3608 3035 3687 viveret,

513 3696 802 3787 integro,
858 3697 1198 3782 tantisque
1257 3696 1599 3786 fragrante
1658 3695 2026 3777 odoribuS,
2088 3710 2162 3766 ut
2221 3697 2603 3766 delibutum
2665 3696 3038 3786 unguentis

563 3800 814 3856 utareS.

511 3807 557 3876 p
603 3877 833 3962 §83
873 3879 1012 3944 Non
1059 3873 1228 3944 mihi
1262 3873 1527 3943 videtur
1558 3873 1624 3942 in
1661 3873 1849 3944 calce
1890 3874 2046 3944 libri
2086 3874 2367 3944 tacenda
2403 3873 3044 3944 Constantiaeillius

514 3964 990 4035 sanctissimae
1043 3963 1348 4032 mulieris
1401 3963 1688 4043 devotio,
1740 3985 1939 4051 quae,
1998 3963 2252 4053 perlato
2293 3963 2375 4032 ad
2415 3986 2487 4032 se
2539 3963 2817 4042 nuncio,
2857 3961 3040 4050 quod

513 4053 1001 4140 corpusculum
1052 4051 1422 4122 Hilarionis
1470 4051 1891 4121 Palaestinae
1945 4064 2144 4133 esset,
2200 4052 2425 4121 statim
2476 4051 2866 4121 exanimata
2915 4064 3037 4131 est,

514 4162 740 4211 veram
777 4143 843 4211 in
882 4165 1150 4213 servum
1195 4142 1310 4211 Dei
1357 4140 1794 4210 dilectionem
1834 4141 2038 4210 etiam
2092 4153 2306 4210 morte
2353 4139 2839 4230 comprobans.
2892 4145 3044 4208 Erat

561 4340 586 4366 Φ
615 4340 712 4379 Hos
749 4349 895 4380 annos
932 4341 1204 4388 computare
1235 4340 1422 4384 oportet
1457 4349 1484 4379 a
1502 4343 1733 4388 'suscepto
1766 4339 2066 4387 baptismate,
2100 4347 2192 4377 non
2213 4346 2323 4377 vero
2347 4338 2405 4376 ab
2426 4338 2640 4387 ingressu
2666 4335 2714 4377 in
2736 4337 3041 4379 monasticum

505 4394 738 4490 ⁷¹2⁵?ng
750 4394 925 4490 {1122qu
918 4390 1458 4488 ῗὲιέίὲἶιέἰθέγῗὶιιτὶου,
1478 4403 1600 4434 anno
1618 4394 1787 4434 aetatis
1807 4402 1918 4432 suae
1938 4392 2200 4437 uudeclmO.
2217 4392 2481 4440 baptizatus
2503 4388 2703 4431 videtur.
