3347 4999
672 370 801 434 628
1331 387 1410 433 nr.
1456 386 1512 433 s.
1551 384 1800 434 macno
1848 385 2000 434 nou.
2053 387 2129 432 m
2175 384 2357 433 comt.
2808 366 2980 431 OCT.
3033 367 3108 432 2⁴

587 482 951 560 exspectat.
1013 470 1250 541 Adhuc
1307 469 1750 558 loquebatur,
1802 484 1869 541 et
1931 492 2088 540 ecce
2151 491 2271 560 per
2317 470 2632 539 tenebras
2691 468 3121 559 adspicimus

589 560 891 629 leaenam
945 559 1276 629 invasisse
1324 559 1702 641 hominem,
1754 572 1819 631 et
1866 572 2141 651 gutture
2189 559 2543 639 suffocato,
2599 573 2961 627 cruentum
3016 560 3123 627 in-

590 661 690 718 tro
759 648 1047 718 trahere.
1106 653 1274 718 Jesu
1321 649 1536 731 bone,
1594 649 1757 736 quid
1813 662 1976 719 tunc
2035 648 2306 718 terroris
2363 646 2592 727 nobiS,
2666 646 2832 734 quid
2882 647 3122 737 gaudii

588 736 760 806 fuit?
821 738 1350 825 spectabamus,
1404 737 1688 808 domino
1757 737 2133 818 nesciente,
2197 736 2455 807 hostem
2509 748 2818 805 nostrum
2871 736 3115 826 perire.

588 826 715 909 Qui
763 847 921 895 cum
976 826 1227 897 videret
1293 825 1488 896 illum
1561 848 1787 897 moras
1846 825 2102 906 facere,
2153 825 2548 926 suspicatus
2608 837 2712 895 est
2774 824 2952 893 duos
2998 825 3124 893 uni

588 916 919 984 resistere.
959 915 1084 984 Sed
1135 928 1199 983 et
1249 916 1417 984 iram
1469 915 1745 984 differre
1777 936 1907 984 non
1960 913 2215 994 valens,
2247 927 2425 984 sicut
2474 913 2743 984 tenebat
2776 911 3118 1003 gladium,

588 1003 669 1072 ad
725 1003 1123 1092 speluncam
1162 1004 1364 1085 venit,
1417 1017 1482 1073 et
1520 1002 1749 1073 surore
1784 1001 2019 1073 rabido
2067 1002 2244 1072 servi
2294 1003 2661 1093 increpans
2696 1001 3111 1083 vecordiam,

643 1093 787 1161 rius
834 1090 1046 1161 asera
1086 1105 1372 1170 tenetur,
1425 1114 1631 1178 quarn
1684 1091 1769 1162 ad
1822 1106 2088 1161 nostras
2140 1090 2432 1161 latebras
2500 1090 2900 1180 perveniret.
2956 1091 3126 1174 Quis

590 1114 717 1249 lioc
753 1202 1057 1266 unquam
1106 1180 1430 1262 crederet,
1487 1194 1561 1250 ut
1606 1194 1762 1250 ante
1808 1203 1885 1250 os
1932 1193 2268 1254 nostrum.
2314 1178 2530 1249 bestia
2580 1200 2701 1269 pro
2760 1179 2960 1249 nobis
3017 1179 3124 1248 di-

593 1270 920 1338 micaret?
971 1267 1250 1338 Sublato
1292 1283 1523 1340 autem
1586 1269 1704 1339 illo
1755 1283 1970 1349 metu,
2027 1268 2275 1339 similis
2323 1282 2478 1338 ante
2552 1267 2790 1338 oculos
2855 1281 3124 1339 nostros

591 1357 991 1427 versabatur
1048 1358 1396 1439 interitus,
1453 1359 1582 1428 nisi
1631 1380 1806 1446 quae
1859 1358 2071 1429 tutius
2102 1372 2246 1427 erat
2297 1358 2551 1426 rabiem
2607 1355 2855 1437 leonis,
2911 1380 3123 1444 quam

593 1445 763 1514 iram
801 1445 1104 1515 hominis
1136 1447 1498 1517 sustinere.
1555 1453 1883 1517 Pavemus
1932 1448 2373 1517 intrinsecus,
2424 1461 2489 1515 et
2542 1467 2624 1514 ne
2673 1467 2941 1516 movere
2968 1445 3127 1532 qui-

591 1532 744 1603 dem
798 1556 922 1603 nos
968 1535 1147 1616 ausi,
1206 1534 1793 1623 praestolabamur
1839 1548 2155 1605 eventum
2205 1535 2290 1615 ei,
2333 1535 2509 1604 inter
2554 1547 2738 1604 tanta
2786 1533 3119 1624 pericula,

594 1622 964 1714 pudicitiae
1014 1636 1275 1693 tantum
1337 1624 1751 1693 conscientia
1819 1646 1940 1713 pro
1991 1644 2187 1693 muro
2239 1623 2436 1714 septi.
2503 1628 2766 1698 Leaena
2834 1623 3129 1692 insidias

591 1733 861 1791 cavens,
898 1723 963 1781 et
1013 1711 1223 1781 visam
1264 1733 1412 1781 esse
1461 1734 1531 1781 se
1579 1714 1903 1787 sentiens,
1956 1711 2424 1802 apprehensos
2461 1711 2809 1781 mordicus
2859 1711 3130 1781 catulos

589 1800 799 1881 effert,
856 1800 1187 1887 nobisque
1215 1799 1391 1869 cedit
1420 1800 1820 1890 hospitium.
1859 1806 2086 1886 Neque
2145 1812 2368 1870 tamen
2420 1800 2587 1870 satis
2633 1799 2937 1881 creduli,
2992 1816 3132 1869 sta-

595 1888 712 1957 tim
765 1889 1230 1979 erumpimus:
1286 1890 1399 1959 sed
1451 1901 1916 1981 exspectantes
1941 1888 2086 1968 diu,
2126 1903 2189 1959 et
2235 1911 2271 1959 e
2326 1889 2466 1958 redi
2497 1889 2896 1979 cogitantes,
2932 1888 3127 1959 illius

596 1977 795 2046 nobis
844 1977 1318 2068 figurabamus
1363 2000 1754 2049 occursum.
1783 1977 2061 2047 Sublato
2093 1999 2254 2079 ergo
2338 1999 2591 2059 orrore‚
2643 1991 2708 2047 et
2757 1977 2875 2047 illa
2906 1991 3131 2048 trans-

592 2078 745 2136 acta
791 2065 939 2147 die,
992 2066 1387 2158 egredimur
1451 2065 1535 2136 ad
1587 2087 1981 2156 vesperam,
2055 2066 2491 2154 vidimusque
2556 2064 2895 2138 camelos.
2949 2088 3133 2153 quos

595 2154 682 2223 ob
730 2154 1017 2223 nimiam
1057 2155 1472 2225 velocitatem
1524 2154 1996 2225 dromedarios
2044 2168 2309 2236 vocant,
2418 2155 2768 2225 raeteritos
2813 2155 3005 2225 cibos
3053 2155 3128 2224 in

591 2264 709 2313 ore
757 2242 1042 2321 volvere,
1080 2256 1146 2312 et
1196 2244 1259 2311 in
1297 2244 1526 2315 alvum
1582 2244 1852 2324 missoS,
1887 2244 2131 2313 iterum
2181 2178 2542 2315 retrabere.
2587 2244 2852 2327 Quibus
2883 2265 3131 2314 ascen·

602 2332 721 2412 εἰς,
772 2343 838 2400 et
879 2335 1050 2402 nova
1098 2331 1396 2407 sitarcia.
1453 2331 1521 2402 id
1560 2346 1683 2413 est,
1737 2334 2011 2402 annona
2075 2332 2473 2421 refocillati,
2527 2333 2796 2403 decima
2846 2331 3127 2403 tandem

597 2418 709 2487 die
756 2419 839 2488 ad
877 2425 1178 2489 Romana
1218 2442 1352 2579 (per
1378 2420 1724 2490 desertum
1766 2434 1990 2491 castra
2031 2422 2365 2492 venimus.
2407 2420 2765 2510 Oblatique
2815 2421 3123 2503 tribuno,

594 2529 736 2578 rem
786 2506 1027 2577 ordine
1078 2532 1209 2600 pan
1270 2512 1490 2581 imus:
1542 2511 1703 2580 inde
1752 2510 2139 2580 transmissi
2200 2509 2281 2579 ad
2338 2511 2695 2591 Sabinum,
2752 2516 3131 2599 Mesopota-

596 2596 772 2667 miae
804 2597 1076 2679 ducem,
1122 2598 1539 2670 camelorum
1582 2600 1872 2689 pretium
1923 2599 2342 2688 accepimus.
2393 2605 2467 2670 Et
2513 2599 2678 2687 quia
2716 2600 2861 2690 Jam
2908 2599 3129 2669 abbas

592 2684 708 2755 ille
742 2707 934 2755 meus
964 2685 1333 2759 dormierat
1381 2689 1447 2756 in
1490 2688 1797 2769 Domino,
1835 2687 1919 2757 ad
1965 2688 2129 2757 haec
2162 2687 2429 2758 delatus
2476 2687 2664 2770 loca,
2723 2709 2829 2756 me
2879 2710 3126 2757 mona-

585 2774 742 2844 chis
792 2774 1021 2857 redd0‚
1076 2776 1253 2847 hanc
1288 2777 1480 2847 trado
1511 2777 1918 2866 virginibuS,
1953 2777 2251 2867 diligens
2297 2799 2444 2847 eam
2481 2790 2556 2847 ut
2595 2798 2898 2848 sororem
2923 2831 2939 2856 ,
2981 2799 3117 2846 non

593 2876 817 2932 tamen
867 2864 929 2932 ei
963 2886 1070 2934 me
1117 2866 1402 2935 credens
1452 2878 1526 2934 ut
1566 2867 1807 2935 sorori.
1844 2869 2021 2935 Haec
2074 2863 2245 2935 mihi
2286 2888 2490 2937 senex
2532 2865 2840 2935 Malchus
2889 2864 3121 2934 adole-

593 2952 901 3023 scentulo
949 2953 1199 3023 retulit.
1240 2959 1419 3024 Haec
1450 2976 1576 3045 ego
1609 2955 1798 3024 vobis
1847 2955 2117 3023 narravi
2153 2976 2381 3036 senex,
2423 2968 2489 3023 et
2526 2955 2735 3025 castis
2763 2954 3121 3024 historiam

585 3041 920 3114 castitatis
966 3064 1249 3132 expono.
1292 3043 1599 3133 Virgines
1629 3044 2004 3113 castitatem
2037 3043 2383 3113 custodire
2428 3043 2768 3113 exhortor.
2808 3048 2933 3111 Vos
2963 3054 3125 3111 nar-

594 3143 734 3198 rate
783 3132 1093 3219 posteris,
1133 3145 1207 3202 ut
1254 3133 1472 3203 sciant
1519 3133 1696 3201 inter
1741 3131 2010 3223 gladios
2054 3145 2119 3201 et
2174 3132 2352 3202 inter
2397 3131 2665 3201 deserta
2711 3144 2777 3201 et
2817 3131 3069 3201 bestias
3098 3185 3115 3210 ,

595 3218 996 3309 pudicitiam
1051 3243 1405 3307 nunquam
1455 3243 1603 3290 esse
1650 3221 2032 3311 captivam:
2083 3233 2148 3290 et
2199 3221 2545 3292 hominem
2609 3221 2875 3291 Christo
2929 3218 3123 3289 dedi-

585 3319 766 3387 tum,
819 3329 1019 3398 posse
1068 3310 1264 3393 mori,
1303 3332 1437 3380 non
1481 3331 1681 3401 posse
1728 3310 2065 3400 superari.
2104 3333 2140 3376 »
