3347 4999
171 342 358 410 OCT.
410 343 495 408 22
939 361 1018 406 nn
1064 360 1116 406 s.
1173 357 1437 407 *tunneto
1474 359 1582 405 ιιι».
1628 359 1964 407 memrot.
2502 344 2628 408 645

167 468 298 517 eos
355 445 559 535 longo
604 457 762 514 ante
811 456 1110 534 tempore
1160 444 1592 525 invasissent,
1648 457 1963 534 repente,
2018 445 2240 533 ruptis
2298 444 2624 526 vestibus,
2679 467 2717 515 e

170 533 440 637 populo
489 546 884 614 excurrunt,
938 554 1099 602 suas
1152 554 1399 602 manus
1458 533 1846 603 mordentes
1894 545 1959 602 et
2009 544 2424 620 torquentes,
2475 535 2714 604 oculos

168 635 619 704 invertenteS,
673 644 959 712 spumas
1010 623 1076 689 in
1121 643 1237 692 ore
1274 634 1575 712 agenteS,
1634 635 1698 693 et
1750 621 2105 692 confusam
2161 622 2508 709 quandam
2552 623 2715 693 alie·

167 733 484 800 namque
534 733 763 781 vocem
827 711 1232 782 emittentes.
1305 711 1433 793 Qui
1483 733 1640 781 curn
1679 711 2139 781 accurrissent
2184 709 2266 779 ad
2309 710 2712 781 Abercium:

171 824 213 869 «
257 800 673 891 AdJuramus
714 812 774 868 te
823 821 941 889 per
989 821 1220 869 verum
1271 812 1334 868 et
1383 799 1604 870 solum
1660 805 1896 880 Deum,
1950 820 2152 886 quem
2209 814 2277 868 tu
2330 799 2709 889 praedicaS,

172 892 623 959 vehementer
667 888 1083 968 clamabant,
1130 909 1213 957 ne
1244 910 1367 957 nos
1400 901 1718 975 torqueas
1750 901 1907 959 ante
1946 901 2241 978 tempus.
2275 911 2311 955 »
2361 893 2501 958 Hoc
2538 888 2717 958 mul-

168 978 501 1049 titudinis
538 977 816 1064 quidem
854 977 1046 1045 illum
1082 998 1116 1045 a
1157 977 1415 1046 ratione
1447 977 1753 1047 alienum
1788 977 2097 1048 cohibuit
2130 977 2462 1065 impetum
2502 1000 2517 1045 ε
2557 978 2718 1046 ado·

168 1066 604 1138 lescentibus
650 1079 875 1135 autem
928 1065 1187 1136 sedavit
1234 1066 1544 1135 malum:
1596 1081 1717 1135 aut
1766 1069 2037 1157 potius,
2092 1067 2151 1135 si
2200 1066 2427 1136 verius
2476 1065 2564 1134 sit
2610 1065 2718 1134 di-

167 1156 480 1226 cendum
522 1210 537 1236 ,
606 1155 913 1241 utrisque
982 1155 1303 1245 repressit
1367 1154 1709 1224 insaniam
1748 1209 1764 1236 ,
1818 1154 2368 1226 adolescentibus
2434 1154 2712 1242 quidem

163 1245 554 1324 insaniam,
606 1264 781 1329 quae
814 1242 1374 1332 proficiscebatur
1402 1266 1441 1313 a
1471 1244 1967 1325 daemonibus;
2024 1243 2454 1313 multitudini
2484 1253 2713 1313 autem

164 1355 335 1404 eam
394 1354 570 1419 quae
615 1353 695 1400 ex
756 1332 1097 1401 inerudita
1146 1345 1211 1401 et
1259 1331 1413 1401 rudi
1482 1346 1725 1402 natura
1789 1344 2130 1403 commota
2189 1345 2332 1402 erat
2390 1331 2718 1401 adversus

165 1429 538 1494 Sanctum.
580 1422 862 1489 Stabant
891 1442 1053 1512 ergo
1084 1443 1323 1491 omnes
1351 1442 1506 1490 eum
1542 1422 1697 1490 fixis
1746 1422 2087 1491 intuentes
2133 1421 2376 1500 oculis,
2419 1422 2714 1491 maxima

163 1513 336 1601 ejus
379 1509 840 1579 moderatione
865 1522 931 1578 et
964 1531 1230 1579 morum
1267 1510 1757 1597 tranquillitate
1787 1531 2023 1580 eorum
2060 1510 2322 1601 impetu
2356 1509 2714 1590 refrenato,

166 1613 389 1687 atque
434 1597 939 1688 exspectabant,
984 1599 1306 1685 quisnam
1341 1598 1618 1669 futurus
1662 1612 1839 1669 esset
1869 1599 2113 1668 exitus,
2161 1603 2450 1668 Sanctus
2488 1610 2716 1667 autern

167 1687 511 1760 Abercius
573 1686 742 1755 nihil
808 1701 1224 1764 cunctatus,
1291 1710 1449 1756 cum
1517 1709 1589 1757 se
1650 1689 2095 1758 convertisset
2155 1687 2238 1756 ad
2301 1687 2712 1756 orationem:

168 1802 210 1846 «
244 1776 478 1847 Sancti
521 1776 617 1845 tui
668 1774 792 1844 filii
839 1782 1001 1845 Jesu
1053 1789 1265 1865 pater,
1319 1776 1512 1858 dixit,
1564 1778 1684 1864 qui
1740 1779 1942 1846 etiam
1988 1777 2044 1845 si
2099 1775 2348 1846 millies
2397 1797 2721 1866 peccave-

169 1868 430 1945 rimuS‚
487 1865 632 1955 ipse
678 1886 758 1933 ea
805 1863 1164 1954 dispensas
1210 1886 1388 1951 quae
1434 1867 1775 1954 pertinent
1822 1865 1904 1934 ad
1959 1864 2273 1945 salutem,
2329 1885 2491 1955 rogo
2547 1877 2609 1933 te
2655 1877 2720 1933 et

166 1955 511 2034 obsecro,
564 1967 641 2022 ut
687 1953 1101 2023 daemonum
1154 1953 1488 2024 insultum
1541 1954 1763 2024 solvas
1812 1954 2408 2035 adolescentibus,
2462 1965 2539 2023 ut
2585 1953 2718 2042 ipsi

167 2063 458 2132 quoque
496 2041 581 2111 de
619 2053 881 2112 caetero
919 2041 1298 2121 ambulent,
1353 2054 1536 2112 tuam
1576 2056 1936 2130 sequentes
1981 2042 2423 2122 voluntatem,
2464 2054 2529 2110 et
2573 2040 2720 2111 effi-

168 2133 373 2202 ciant
419 2152 520 2210 eo,
560 2130 740 2219 quod
780 2131 845 2199 in
907 2131 1079 2220 ipsis
1127 2131 1263 2211 fiet,
1319 2131 1704 2210 miraculO,
1762 2144 1836 2200 ut
1885 2130 2083 2201 multi
2130 2131 2249 2200 alii
2297 2131 2419 2200 tibi
2471 2130 2723 2220 adjun-

169 2232 486 2312 gantur,
541 2232 744 2306 atque
799 2240 1036 2289 omnes
1084 2231 1546 2310 cognoscant,
1602 2232 1663 2289 te
1712 2219 2135 2308 solum-esse
2185 2225 2417 2301 Deum,
2469 2232 2533 2288 et
2584 2240 2717 2288 non

166 2328 332 2379 esse
381 2308 595 2376 alium
636 2322 899 2397 praeter
939 2321 1021 2378 te.
1069 2333 1093 2372 »
1135 2312 1315 2378 Haec
1343 2330 1501 2384 cum
1542 2314 1750 2377 Deum
1788 2321 1964 2379 esset
2000 2321 2338 2400 precatus,
2376 2320 2442 2378 et
2478 2307 2603 2377 ads
2653 2329 2723 2377 e-

166 2398 393 2468 xisset
439 2396 947 2477 adolescenteS,
996 2398 1287 2486 percutit
1332 2419 1567 2467 eorum
1620 2398 1844 2488 capita
1896 2399 2109 2489 virga,
2163 2419 2372 2485 quam
2423 2396 2600 2466 habe
2651 2408 2718 2466 at

174 2489 250 2557 in
310 2487 683 2555 manibus:
737 2509 773 2552 «
806 2490 881 2555 In
927 2486 1204 2556 nomine
1255 2487 1384 2556 mei
1435 2486 1706 2569 Christi,
1760 2486 2020 2565 dicens,
2075 2487 2246 2557 exite
2285 2509 2365 2556 ex
2397 2486 2507 2556 his
2554 2485 2721 2556 ado-

169 2576 624 2655 lescentibuS‚
668 2574 844 2644 mala
880 2574 1265 2654 daemonia,
1301 2597 1416 2644 eos
1450 2575 1619 2645 nihil
1652 2576 2145 2646 offendentia.»
2182 2582 2259 2646 Et
2291 2575 2409 2645 illa
2438 2574 2717 2663 quidem

170 2666 326 2734 visa
354 2685 583 2732 vocem
617 2662 816 2733 edere
847 2665 1242 2745 maximam,
1274 2665 1588 2754 protinus
1607 2665 1947 2735 abierunt.
1978 2666 2030 2735 Ii
2066 2688 2245 2745 vero,
2290 2663 2579 2754 depulsa
2611 2666 2715 2740 ea,

168 2773 359 2843 quae
394 2764 556 2821 tunc
596 2765 872 2843 propter
905 2753 1270 2824 daemones
1317 2774 1432 2822 eos
1478 2754 1857 2834 obsidebat,
1904 2753 2221 2844 caligine,
2265 2775 2423 2822 cum
2517 2773 2717 2821 arum

171 2842 681 2931 adspexissent,
712 2854 776 2911 et
803 2841 1009 2912 veluti
1044 2843 1514 2933 respirassent,
1546 2843 1736 2912 illius
1759 2854 2028 2911 sanctos
2059 2841 2262 2932 pedes
2288 2862 2452 2911 oscu
2485 2852 2713 2920 antur,

169 2944 238 3001 et
291 2929 557 2999 nullam
600 2930 877 3000 edentes
927 2953 1182 3012 vocem,
1234 2952 1350 3000 eos
1390 2930 1511 3000 diu
1554 2943 1807 3011 tenent,
1862 2930 2032 2999 adeo
2078 2943 2155 3001 ut
2200 2951 2439 2999 omnes
2486 2929 2721 2999 existi-

169 3031 450 3091 marent
487 3040 604 3088 eos
640 3040 788 3089 esse
830 3032 1157 3089 mortuos.
1189 3024 1343 3110 Ipse
1374 3034 1601 3089 autern
1645 3041 1805 3090 cum
1840 3042 1926 3108 ap
1982 3018 2405 3089 rehendisset
2440 3017 2717 3087 illorum

170 3109 552 3188 dexteram,
583 3106 746 3178 facit
773 3129 888 3178 eos
922 3130 1205 3198 surgere
1237 3129 1443 3178 sanae
1479 3108 1749 3177 mentis.
1789 3113 1866 3177 Et
1904 3040 2004 3176 illi
2044 3107 2349 3195 quidem,
2387 3105 2720 3193 quaesitis

168 3197 513 3275 vestibus,
548 3217 705 3265 cum
729 3218 844 3266 eas
874 3197 1283 3276 induissent,
1315 3196 1775 3266 cernebantur
1802 3195 2126 3286 deinceps
2147 3195 2391 3276 vestiti,
2418 3207 2482 3266 et
2513 3216 2720 3266 sanae

171 3285 457 3364 mentis,
493 3297 558 3353 et
596 3283 684 3353 ab
715 3284 995 3354 Abercio
1033 3286 1315 3354 minime
1354 3284 1768 3354 recedentes.

267 3378 305 3464 ξ
354 3378 433 3445 2.
488 3375 652 3441 Cum
703 3373 871 3442 haec
920 3386 1147 3442 autem
1200 3373 1480 3442 vidisset
1514 3373 1738 3453 turba,
1778 3395 2019 3442 omnes
2065 3372 2271 3442 veluti
2319 3374 2462 3443 una
2497 3384 2722 3442 mente

170 3478 238 3534 et
268 3483 415 3532 uno
453 3481 615 3529 ore:
671 3483 708 3527 «
740 3466 836 3530 Tu
887 3482 960 3531 es
999 3461 1187 3529 solus
1236 3483 1435 3531 verus
1493 3465 1668 3533 Deus
1717 3462 1837 3549 qui
1890 3484 2008 3551 per
2050 3475 2241 3531 tuum
2300 3461 2721 3562 praedicaris

169 3549 567 3630 Abercium,
600 3571 638 3615 »
682 3571 931 3639 magna
965 3570 1124 3618 voce
1162 3549 1503 3619 dixerunt.
1544 3551 1614 3618 Ei
1667 3553 1764 3619 rei
1804 3550 1930 3620 fert
1974 3552 2437 3621 testimonium
2480 3572 2723 3639 repen-

173 3643 323 3712 tina
366 3635 486 3708 illa
528 3638 816 3706 mutatio
867 3636 1355 3717 multitudinis,
1402 3660 1578 3726 quae
1630 3660 1851 3726 usque
1899 3639 2069 3708 adeo
2106 3639 2237 3709 fuit
2281 3650 2481 3730 capta
2515 3639 2723 3707 mira-

172 3730 362 3807 culo,
408 3737 487 3795 ut
526 3725 763 3795 nullus
786 3726 1076 3796 defuerit
1113 3727 1232 3814 qui
1266 3749 1399 3796 non
1441 3727 1716 3797 haberet
1741 3729 2158 3818 agnitionem
2189 3751 2204 3796 ε
2241 3728 2453 3797 immo
2477 3748 2722 3796 omnes

173 3818 261 3889 ad
289 3815 610 3886 divinum
648 3815 1068 3905 baptismum
1098 3817 1543 3895 accurrerint,
1577 3838 1654 3885 ex
1695 3817 1950 3907 paratis
1974 3817 2253 3886 Abercio
2288 3815 2562 3885 insidiis
2591 3815 2721 3885 hoc

174 3904 613 3996 praeclarum
673 3904 943 3973 interim
996 3906 1369 3984 consecuti,
1427 3926 1671 3995 nempe
1721 3928 1916 3976 suam
1978 3906 2292 3976 salutem.
2363 3908 2716 3974 Caeterum

176 3994 503 4065 dicebant
548 4013 695 4061 esse
744 3991 1001 4080 aliquid
1034 4046 1052 4072 ,
1116 3992 1297 4080 quod
1349 4014 1465 4062 eos
1516 3995 1810 4064 maxime
1856 3993 2357 4065 conturbabat:
2412 4014 2485 4063 se
2533 3992 2716 4061 enim

178 4084 683 4172 pertimescere,
723 4102 807 4151 ne
857 4096 1133 4172 propter
1180 4103 1508 4171 magnum
1541 4080 1866 4160 dedecus,
1905 4104 2042 4170 quo
2084 4081 2451 4152 multitudo
2480 4101 2716 4151 eorum

178 4170 483 4258 perfudit
528 4170 859 4249 animam,
914 4170 1010 4241 sic
1061 4184 1538 4260 permanerent
1587 4191 2023 4258 nequaquam
2075 4175 2209 4241 Deo
2256 4170 2542 4260 accepti.
2594 4174 2718 4239 Ac-

173 4256 492 4337 cedentes
524 4259 754 4346 itaque
786 4259 1143 4330 dicebant:
1198 4263 1429 4329 «Doce
1464 4281 1611 4340 nos,
1657 4260 1865 4329 homo
1905 4260 2040 4341 Dei,
2101 4281 2187 4330 an
2231 4260 2319 4329 sit
2370 4280 2493 4329 nos
2541 4264 2722 4329 Deus

173 4346 511 4436 patienter
539 4347 1039 4449 adspecturus;
1092 4369 1178 4417 an
1235 4347 1433 4417 nobis
1482 4349 1663 4417 mala
1699 4347 2096 4418 redditurus
2138 4359 2414 4438 propter
2449 4370 2526 4418 ea
2563 4368 2718 4438 pec-

171 4446 321 4503 cata
351 4455 529 4521 quae
566 4434 855 4507 fecimus
902 4437 972 4506 in
1028 4435 1443 4527 ignorantia,
1496 4435 1681 4523 quod
1732 4436 1935 4506 etiam
1987 4437 2392 4519 horremuS,
2441 4448 2720 4527 propter
