3347 4999
808 339 934 404 734
1584 358 1662 404 ns
1710 359 1766 404 s.
1820 301 2128 405 rssanu'no
2176 359 2367 405 aaut.
2924 341 3072 407 OCT.
3112 343 3171 407 28

712 440 1038 511 conducit
1076 439 1549 529 contemplari.
1605 440 1783 524 Quid
1831 456 2059 512 autem
2107 443 2360 512 rectius
2407 465 2684 512 causam
2736 442 3001 514 dixerim
3043 466 3169 535 gau·

714 529 987 599 diorum
1024 527 1125 597 vel
1162 527 1507 630 profectus
1555 532 1795 612 nostri,
1849 552 2059 618 quam
2112 532 2481 602 bonitatem
2527 532 2700 601 Dei?
2746 536 2891 620 Ipse
2936 554 3167 633 namque

714 618 1041 689 bonitatis
1076 637 1269 708 origo
1297 671 1313 697 ,
1368 617 1844 707 profectusque
1886 620 2093 689 totius
2152 619 2641 709 perfectissima
2688 635 3164 694 consummatio.

701 707 938 797 justus
981 727 1207 775 rerum
1258 705 1693 794 dispensator
1738 721 1943 794 atque
1992 707 2377 778 moderator
2406 762 2422 790 ,
2481 709 2949 795 humanaeque
2981 709 3169 779 salutis

710 810 973 866 amator
1000 848 1015 876 ,
1058 794 1292 864 electis
1351 795 1497 866 suis
1553 796 2079 886 agonizantibus
2130 797 2419 888 gratiam
2467 797 2756 887 largitur
2798 820 2909 885 pro
2951 798 3161 888 gratia,

709 884 877 954 dum
916 905 1036 973 pro
1076 882 1430 954 laboribus
1466 886 1963 954 momentaneis
1991 886 2292 973 praemia
2327 885 2569 955 tribuit
2601 886 3019 976 sempiterna,
3055 908 3167 974 pec-

709 986 973 1074 catores
1012 984 1215 1060 atque
1256 971 1664 1055 sceleratos,
1725 973 1961 1065 largus
2008 974 2077 1042 in
2134 973 2627 1054 misericordia,
2680 973 2969 1043 bonitate
3008 974 3166 1043 salvat

759 1074 1031 1131 ratuita.

709 1084 755 1153 g
796 1153 956 1238 §a
996 1149 1429 1238 Prospiciens
1456 1149 1639 1218 enim
1675 1147 2026 1241 fragilitati
2064 1150 2639 1237 delinquentium,
2679 1152 3029 1241 spirituum
3054 1171 3167 1219 coe·

709 1239 981 1308 lestium
1031 1252 1099 1308 et
1154 1238 1510 1307 hominum
1550 1293 1565 1319 ,
1635 1239 1807 1308 vitae
1855 1239 2148 1328 puritate
2184 1240 2613 1326 actionisque
2668 1240 3034 1310 sinceritate
3072 1238 3162 1308 sibi

711 1327 1158 1430 placentium,
1217 1327 1415 1396 nobis
1500 1326 1745 1396 rovidit
1795 1328 2295 1416 patrocinium:
2348 1341 2687 1416 quatenus
2716 1329 2952 1398 erratis
2978 1328 3163 1396 nostris

705 1415 1337 1486 innumerabilibus
1385 1438 1424 1485 o
1478 1437 1735 1496 ensuS,
1809 1416 1978 1506 ipsis
2039 1416 2427 1517 placaretur
2479 1417 3077 1488 intervenientibus.
3112 1419 3163 1483 Et

707 1505 831 1575 hoc
875 1506 1114 1574 merito
1146 1503 1422 1593 gaudiis
1464 1503 1823 1594 religiosis,
1875 1503 2315 1592 officiosaque
2362 1505 2732 1576 recolimus
2780 1506 3155 1580 veneratione,

703 1607 977 1663 sanctos
1026 1593 1338 1663 videlicet
1383 1594 1604 1749 gratia
1654 1592 2021 1681 laboreque
2061 1594 2415 1675 meruisse,
2465 1606 2541 1665 ut
2576 1594 2761 1683 apud
2792 1595 3071 1686 judicem
3091 1591 3154 1660 di·

703 1684 1013 1753 strictum
1068 1682 1269 1752 nobis
1308 1704 1384 1751 va
1418 1682 1583 1750 eant‘
1609 1682 1952 1770 prodesse.
2006 1681 2197 1765 Quod
2238 1696 2467 1753 autem
2511 1683 2777 1773 gratius
2809 1683 3156 1753 emolumen-

706 1786 876 1849 tum,
916 1792 1123 1856 quam
1161 1770 1468 1860 ipsorum
1515 1771 1895 1840 interventu
1945 1771 2232 1842 nexibus
2263 1773 2421 1841 exui
2468 1771 2901 1852 delictorum,
2940 1769 3159 1840 diversis

705 1858 943 1929 mundi
997 1859 1273 1929 casibus
1321 1859 1517 1948 eripi,
1575 1872 1727 1949 post
1768 1873 2189 1946 mortemque
2234 1883 2393 1930 cum
2448 1860 2641 1950 ipsis,
2697 1861 2757 1930 si
2794 1873 3003 1930 tamen
3046 1858 3159 1927 fide·

702 1948 857 2016 liter
900 1970 1016 2017 eos
1052 1948 1424 2027 imitemur,
1463 1947 1737 2037 gaudiis
1777 1949 2213 2038 sempiternis
2253 1948 2564 2039 perfrui?
2595 1950 2776 2032 Quid
2812 1962 3022 2018 autem
3056 1966 3158 2037 pro·

700 2036 849 2107 dest
879 2058 995 2105 eos
1044 2057 1456 2126 magnopere
1497 2036 1847 2118 venerari,
1896 2057 2073 2124 quos
2121 2037 2186 2105 in
2227 2050 2562 2124 quantum
2606 2037 2908 2107 carnalis
2949 2056 3161 2107 conver·
3264 2079 3265 2120 χ

701 2125 985 2195 sationis
1033 2123 1367 2214 fragilitas
1399 2124 1721 2206 admittit,
1767 2146 1902 2194 non
1955 2139 2350 2212 satagamus
2394 2127 2708 2195 imitari?
2758 2127 2894 2216 Ipsi
2940 2125 3158 2213 quippe,
3264 2125 3265 2174 l

699 2227 969 2301 sumpta
1003 2235 1229 2291 cruce,
1257 2214 1597 2283 Christum
1627 2225 1791 2283 sunt
1817 2214 2147 2283 imitando
2175 2215 2425 2284 secuti:
2459 2237 2603 2297 nos,
2637 2236 2796 2284 vero
2827 2214 2989 2284 tardi
3012 2227 3163 2298 atque

698 2301 1044 2371 desidiosi.
1087 2302 1143 2370 si
1181 2302 1522 2371 Christum
1572 2325 1705 2371 non
1755 2324 2122 2391 possumus
2169 2303 2386 2390 sequi,
2440 2302 2660 2372 forma
2708 2305 2849 2373 sint
2881 2302 3056 2373 nobis
3089 2297 3157 2366 vel

701 2391 1013 2459 homines
1062 2390 1242 2479 puri.
1309 2390 1522 2460 Habet
1567 2391 1817 2460 etenim
1872 2390 2196 2460 moderna
2259 2413 2384 2480 pax
2433 2390 2777 2461 Ecclesiae
2822 2390 3160 2480 martyrium

696 2501 927 2560 suum,
965 2491 1307 2549 certamen
1360 2478 1560 2550 habet
1648 2479 1954 2569 roprium
1988 2535 2004 2562 ,
2056 2503 2193 2567 quo
2230 2492 2463 2551 contra
2502 2479 2957 2551 multiformes
2987 2497 3161 2548 versu·

699 2568 945 2638 tissimi
988 2568 1202 2637 hostis
1251 2568 1539 2640 insidias
1620 2569 1898 2670 egitime
1950 2570 2418 2660 confligenteS,
2463 2574 2871 2640 Sanctorum
2916 2586 3163 2657 quoquo·

696 2657 900 2727 modo
943 2680 1060 2745 per
1097 2656 1384 2746 gratiam
1437 2656 1684 2726 Christi
1719 2678 2108 2727 mereamur
2138 2679 2286 2728 esse
2335 2674 2707 2728 consortes.
2757 2659 2827 2728 Si
2865 2660 3073 2739 enim,
3111 2666 3162 2751 tlt

693 2744 788 2816 ait
837 2745 1235 2835 Apostolus,
1291 2745 1690 2835 passionum
1733 2746 1901 2815 socii
1952 2745 2313 2826 fuerimuS‚
2373 2746 2578 2817 simul
2632 2760 2701 2816 et
2738 2745 3165 2816 consolationis

691 2835 954 2904 erimus
986 2835 1063 2913 *;
1107 2847 1174 2903 et
1222 2833 1279 2902 si
1336 2835 1572 2903 mortis
1603 2834 1851 2905 Christi
1892 2834 2333 2903 similitudini
2374 2835 2825 2925 complantati
2874 2834 3016 2904 facti
3057 2831 3153 2899 sue

695 2923 934 3004 rimuS,
983 2922 1191 2992 simul
1241 2934 1307 2991 et
1341 2923 1858 2992 resurrectionis
1895 2924 2156 2992 erimus
2194 2923 2284 2988 *ἦ

781 3020 820 3093 S
868 3018 954 3085 4.
1009 3017 1122 3081 Est
1159 3032 1322 3100 ergo
1371 3010 1606 3092 facile,
1660 3011 1952 3081 solemni
1999 3010 2452 3087 celebratione
2500 3016 2833 3100 Martyres
2874 3007 3159 3103 venerari:

691 3099 806 3171 sed
857 3099 1151 3169 arduum
1202 3115 1406 3186 atque
1436 3098 1738 3180 difficile,
1776 3105 2101 3189 Martyres
2135 3100 2411 3168 imitari.
2447 3100 2740 3188 Abjiciat
2772 3112 2992 3171 autem
3018 3096 3159 3166 Chn-

691 3189 984 3269 suanus,
1038 3187 1220 3276 quod
1275 3188 1482 3259 libet:
1539 3189 1764 3258 vincat
1810 3188 2079 3269 animo,
2138 3188 2317 3274 quod
2374 3201 2594 3269 terret,
2646 3202 2715 3258 et
2774 3187 3159 3258 imitationem

690 3277 1070 3368 plenariam
1111 3289 1436 3347 exerceat.
1497 3280 1770 3347 Arctum
1822 3276 2005 3345 enim
2064 3278 2190 3346 iter
2235 3276 2414 3346 duae
2463 3298 2570 3346 res
2612 3278 2814 3348 nobis
2853 3277 3085 3346 faciunt
3116 3281 3159 3337 et

687 3387 773 3436 an
880 3378 1061 3435 stum
1095 3418 1110 3446 ,
1162 3377 1597 3466 contemptus
1644 3365 2069 3465 voluptatum
2130 3378 2334 3451 atque
2383 3364 2743 3436 tolerantia
2787 3366 3155 3456 passionum.

687 3459 764 3524 In
853 3455 909 3524 is
954 3475 1117 3544 ergo
1154 3454 1212 3523 si
1255 3454 1642 3535 vicerimuS,
1684 3476 1818 3523 veri
1854 3453 2114 3524 erimus
2148 3453 2395 3523 Christi
2429 3458 2943 3543 Martyrumque
2978 3447 3160 3520 lauda·

687 3557 886 3623 toreS,
943 3543 1082 3611 veri
1129 3542 1391 3613 erimus
1436 3554 1502 3612 et
1548 3543 1948 3612 imitatores.
1998 3547 2151 3612 Jam
2189 3564 2341 3611 vero
2373 3543 2775 3612 certaminis
2804 3541 3155 3612 athletarum

685 3631 933 3704 Christi
989 3631 1342 3700 materiam
1394 3630 1721 3701 subtilius
1767 3631 2184 3708 intueamur,
2237 3644 2578 3717 quatenus
2626 3631 3000 3721 insignium
3041 3644 3159 3693 con·

684 3720 1123 3810 temptatione
1172 3719 1597 3798 meritorum,
1652 3719 1979 3789 laudibus
2012 3740 2126 3789 eos
2177 3719 2638 3788 venerabilius
2686 3730 3153 3811 prosequamur-

686 3809 1156 3881 Universitatis
1200 3828 1362 3898 ergo
1410 3808 1723 3878 conditor
1756 3813 1955 3887 Deus,
1998 3808 2175 3877 inter
2211 3809 2442 3877 omnia
2488 3829 2667 3894 quae
2716 3810 2896 3878 bona
2930 3811 3154 3877 creavit.

680 3913 745 3970 et
792 3900 1142 3968 hominem
1210 3897 1466 3967 bonum
1582 3896 1940 3976 lasmavit,
1999 3896 2115 3966 sed
2170 3917 2301 3965 non
2367 3917 2684 3966 summe:
2736 3897 2924 3966 illius
2976 3901 3155 3982 auten}

679 3987 1063 4059 essentialis
1096 3986 1490 4072 summique
1614 3986 1685 4053 ni
1722 3984 2238 4086 participatione
2270 4006 2285 4066 ;
2326 3984 2532 4071 cujus
2566 3984 3011 4081 immutabilis
3033 3979 3155 4078 bom

680 4099 882 4147 omne
919 4075 1101 4165 quod
1149 4087 1252 4145 est
1302 4074 1666 4156 mutabile,
1724 4095 1793 4142 in
1835 4085 2169 4161 quantum
2211 4086 2336 4152 est,
2396 4073 2657 4144 bonum
2709 4087 2810 4144 est
2843 4083 3154 4162 participa·

681 4166 881 4235 tione.
920 4171 1146 4252 Neque
1177 4163 1361 4233 enim
1398 4184 1750 4232 summum
1791 4162 2033 4251 poterit
2064 4183 2233 4240 esse,
2272 4162 2455 4249 quod
2489 4176 2589 4232 est
2618 4160 2965 4252 mutabile.
3000 4159 3156 4226 nunc

678 4252 976 4341 denique
1005 4308 1020 4334 ,
1084 4274 1285 4341 quem
1356 4251 1442 4321 ad
1511 4250 1883 4343 imaginem
1950 4265 2016 4321 et
2086 4250 2609 4320 similitudinem
2690 4250 3003 4346 divinam·
3044 4258 3159 4312 mu·

681 4363 813 4412 nus
859 4363 1052 4411 sacra
1093 4340 1395 4422 confixit,
1448 4340 1958 4411 immortalitate
2004 4339 2368 4421 decoravit,
2426 4339 2790 4430 prudentia
2820 4394 2836 4421 ,
2889 4348 3157 4408 ratione>

731 4471 757 4497 ⁸
784 4470 840 4510 112
861 4469 920 4512 11.
944 4470 1045 4510 Cor.
1067 4478 1096 4509 ι.
1969 4467 2019 4495 *·
2046 4468 2102 4508 Iu
2120 4468 2249 4508 Rom.
2274 4476 2334 4507 vi.
