3347 4999
231 355 408 422 OCT.
466 356 506 418 8
1132 374 1209 418 m:
1257 374 1312 419 s.
1369 372 1650 419 ameum
1707 373 1898 419 vaA
2558 358 2686 422 273

234 459 460 535 visuS,
515 457 745 526 surdis
807 456 1214 525 reformatur
1258 456 1580 537 audituS,
1650 457 1819 525 muti
1889 455 2312 543 loquuntur,
2380 459 2778 549 paralyticis

233 546 543 614 membra
592 545 930 615 dissoluta
977 546 1512 629 confirmantur3
1564 558 1629 614 et
1690 559 1766 614 ut
1817 547 2058 634 paucis
2104 545 2319 614 multa
2363 551 2721 637 expediam
2755 603 2770 629 ,

235 633 534 703 morbidi
567 656 831 713 omnes,
870 635 1105 703 devote
1139 634 1281 704 illic
1316 634 1660 704 Christum
1701 635 2117 715 invocanteS,
2160 635 2421 703 meritis
2472 640 2776 726 Sponsae

229 724 385 813 ejus
434 722 518 791 ab
566 745 643 791 eo
685 737 1042 792 curantur.

321 813 357 898 ξ
411 816 534 882 ¹¹3.
584 812 656 880 Id
695 812 1154 881 uhtinnotuit
1202 814 1632 899 Imperatori,
1693 813 2019 901 RegibuS,
2089 811 2395 901 Reginis,
2450 813 2777 885 Praelatis

230 910 297 967 et
348 900 809 988 PrincipibUS,
866 900 1244 987 multisque
1275 901 1706 971 diversarum
1743 901 2097 971 nationum
2130 900 2558 980 ChristianiS‚
2590 902 2774 990 apud

233 993 580 1057 Romanos
633 989 990 1061 Pontifices
1039 989 1274 1059 multis
1334 989 1554 1059 modis
1605 991 2023 1069 institerunt,
2095 1000 2170 1057 ut
2228 989 2579 1059 dominam
2636 991 2777 1059 Bir-

229 1076 473 1167 gittam
514 1078 578 1144 in
616 1083 1015 1147 Sanctorum
1068 1077 1303 1147 album
1359 1078 1705 1147 referrent.
1745 1080 2047 1165 Denique
2086 1078 2169 1146 ad
2216 1077 2637 1149 Bonifacium
2690 1084 2777 1150 IX

233 1187 307 1233 re
349 1179 483 1234 tota
522 1165 862 1247 devoluta,
917 1189 1077 1236 cum
1130 1168 1187 1236 is
1237 1167 1320 1237 de
1370 1167 1632 1257 integro
1681 1167 2199 1237 accuratissime
2247 1167 2314 1235 in
2370 1171 2519 1255 ejus
2570 1169 2772 1238 vitam

230 1267 298 1323 et
347 1268 536 1344 gesta
587 1256 843 1342 inquiri
893 1268 1246 1336 curasset,
1315 1255 1399 1324 ad
1451 1257 1604 1342 ejus
1652 1255 2243 1325 canonizationem
2279 1310 2294 1336 ,
2348 1270 2422 1325 ut
2480 1271 2767 1339 vocant,

231 1343 633 1413 solemniter
681 1366 753 1412 se
801 1344 1113 1425 contulit,
1168 1366 1459 1431 eamque
1493 1346 1576 1413 de
1616 1345 1909 1415 consilio
1947 1356 2013 1414 et
2059 1365 2407 1413 consensu
2456 1346 2776 1415 Cardina-

236 1432 404 1501 lium
459 1445 522 1501 et
575 1434 1033 1521 praelatorum
1087 1434 1426 1514 omnium,
1481 1434 1602 1520 qui
1653 1446 1797 1504 tum
1844 1435 1909 1501 in
1966 1439 2273 1503 Romana
2324 1435 2517 1503 curia
2553 1448 2770 1517 erant,

232 1526 638 1589 Sanctorum
691 1521 1000 1611 catalogo
1049 1522 1441 1610 adscripsit.
1498 1521 1788 1592 Multum
1833 1535 1897 1592 et
1945 1544 2191 1610 operae
2251 1534 2316 1590 et
2365 1537 2770 1613 sumptuum

237 1623 561 1700 posuerat
609 1611 753 1680 filia
800 1611 953 1697 ejus
1003 1611 1407 1692 catharina,
1462 1611 1530 1680 id
1580 1625 1657 1680 ut
1710 1612 1920 1680 fieret.
1976 1616 2140 1681 Cum
2194 1610 2334 1680 sint
2382 1624 2613 1682 autem
2668 1614 2775 1681 in-

235 1720 528 1767 numera
578 1699 713 1769 fere
754 1698 1098 1768 'miracula
1134 1700 1570 1769 beatissimae
1606 1700 1951 1791 Birgittae‚
1994 1721 2119 1769 nos
2158 1722 2376 1788 pauca
2422 1701 2778 1771 dumtaxat

237 1788 760 1858 annotabimus.
816 1793 1033 1858 Eunte
1096 1789 1214 1857 illa
1261 1789 1348 1857 ab
1399 1789 1575 1859 Urbe
1625 1794 1841 1858 Roma
1887 1787 2385 1878 ‚lerosolymam
2418 1842 2437 1868 ,
2496 1791 2777 1859 Latinus

236 1876 323 1945 de
376 1877 662 1957 Ursinis,
722 1898 842 1966 pro
895 1899 1144 1967 magna
1193 1899 1358 1967 erga
1423 1878 1609 1946 illam
1664 1878 2137 1947 benevolentia
2201 1890 2265 1946 et
2313 1879 2545 1946 animi·
2578 1879 2778 1948 devo-

239 1966 444 2045 tione,
500 1978 685 2034 extra
743 1966 982 2034 Urbem
1039 1987 1169 2035 non
1227 1989 1434 2055 parvo
1470 1967 1733 2036 itineris
1767 1967 1988 2056 spatio
2025 1965 2212 2034 illam
2248 1965 2551 2036 deduxit.
2590 1973 2777 2037 Post-

233 2077 445 2142 quam
497 2077 659 2143 ergo
705 2054 1140 2141 Jerosolyma
1189 2060 1476 2125 Romam
1530 2055 1755 2135 rediit,
1811 2078 1969 2126 cum
2022 2054 2444 2125 confessario
2480 2079 2606 2126 suo
2659 2056 2779 2126 do-

240 2143 476 2222 mino,
560 2149 794 2225 Petro,
849 2143 1019 2212 adiit
1088 2143 1239 2231 ejus
1289 2144 1555 2213 domini
1606 2145 1828 2212 Latini
1878 2144 2121 2228 aedes3
2174 2166 2473 2230 cumque
2526 2146 2593 2213 in
2662 2167 2779 2216 eas

240 2232 559 2321 ingressa
606 2245 803 2313 esset,
863 2254 1076 2301 manu
1124 2232 1209 2301 ad
1263 2254 1462 2302 nares
1496 2232 1797 2312 admota,
1839 2232 2011 2300 nihil
2051 2232 2480 2318 loquebatur.
2529 2235 2778 2303 Scisci-

241 2321 412 2389 tanti
473 2319 572 2388 illi
647 2321 734 2389 ab
781 2322 931 2411 ejus
976 2321 1396 2391 confessario
1433 2376 1447 2400 ,
1501 2321 1668 2407 quid
1726 2321 1790 2389 id
1845 2322 1977 2390 sibi
2027 2320 2269 2402 vellet,
2324 2322 2505 2408 quod
2560 2322 2778 2393 nihilo

239 2409 552 2495 loquens,
633 2432 915 2479 manum
967 2411 1254 2479 naribus
1303 2410 1721 2499 applicaret,
1778 2432 2186 2499 responsum
2241 2423 2382 2479 est:
2446 2434 2481 2476 «
2519 2416 2606 2480 Te
2641 2434 2776 2482 non

242 2510 375 2567 tam
433 2510 608 2566 recte
654 2499 889 2578 animo
927 2499 1373 2569 constitutum
1427 2499 1709 2578 invenit,
1750 2513 1954 2586 atque
2006 2514 2148 2569 tum
2194 2522 2368 2580 eraS,
2415 2522 2571 2569 cum
2625 2524 2663 2569 a
2715 2516 2776 2571 te

241 2586 605 2656 recederet.
664 2609 698 2653 »
748 2587 1139 2657 Admiratus
1202 2588 1530 2658 dominus
1581 2589 1899 2659 Latinus:
1958 2611 1991 2655 «
2049 2589 2334 2676 Ecquid,
2388 2589 2478 2656 ait
2515 2644 2529 2668 ,
2601 2589 2779 2659 desi·

237 2676 492 2766 gnavi?
538 2681 784 2745 Verum
843 2676 1122 2763 quidem
1178 2689 1319 2755 est,
1375 2677 1705 2747 habuisse
1758 2699 1863 2746 me
1915 2677 2099 2746 litem
2143 2699 2299 2746 cum
2352 2678 2774 2764 quibusdam

238 2764 538 2834 subditis
590 2766 783 2835 meis.
827 2789 862 2832 »
913 2766 1061 2834 Ibat
1094 2765 1509 2853 quandoque
1549 2779 1781 2837 sancta
1826 2767 2109 2856 Birgitta
2151 2771 2405 2836 Romae
2435 2788 2592 2834 cum
2636 2767 2781 2836 filia

237 2876 366 2922 sua
400 2853 786 2940 Catharina,
818 2869 883 2924 et
928 2860 1114 2924 Petro
1146 2855 1595 2924 ConfessariO.
1633 2869 1698 2924 et
1733 2861 1977 2946 Magno
2025 2877 2103 2925 ca
2158 2855 2408 2934 ellano,
2444 2853 2528 2922 ad
2579 2855 2780 2925 aedes

234 2942 524 3011 Jordani
573 2942 657 3011 de
709 2943 990 3022 Marino,
1036 2943 1268 3013 volens
1306 2946 1597 3014 invisere
1623 2944 1932 3033 ejusdem
1971 2950 2091 3014 Jor
2143 2943 2258 3012 ani
2294 2965 2600 3012 uxorem.
2636 2949 2782 3026 Qua

242 3044 621 3121 praesente,
680 3045 943 3101 tantum
994 3054 1074 3101 ex
1123 3034 1394 3102 actibus
1440 3034 1587 3122 ejus
1654 3033 1870 3102 sensit
1917 3031 2266 3112 foetorem,
2320 3044 2397 3101 ut
2446 3032 2551 3100 vix
2609 3032 2783 3102 ferre

241 3134 488 3210 posset.
535 3121 930 3191 Admirante
969 3144 1047 3190 ea
1104 3144 1315 3191 causa
1365 3144 1497 3191 non
1554 3121 1988 3191 mediocriter
2039 3126 2305 3209 Magno,
2360 3142 2563 3207 quem
2609 3121 2781 3190 dixi-

244 3231 423 3288 muS,
462 3220 527 3277 et
573 3231 610 3278 e
660 3215 850 3280 Petro
899 3209 1319 3279 confessario
1368 3211 1518 3297 ejus
1571 3220 2035 3299 percontante,
2089 3208 2252 3295 quid
2298 3209 2424 3278 hoc
2480 3210 2610 3279 sibi
2647 3210 2781 3279 vel-

242 3297 353 3378 let,
408 3297 565 3366 illae
616 3298 1004 3388 respondit:
1043 3301 1317 3368 Noveris
1370 3321 1489 3388 pro
1538 3313 1743 3378 certo,
1798 3297 2379 3385 quandocumque
2419 3320 2650 3367 coram
2700 3321 2773 3369 ea

235 3386 587 3475 quispiam
644 3387 988 3457 mortifero
1042 3400 1315 3476 peccato
1379 3388 1719 3457 obnoxius
1768 3399 1921 3465 stat,
1977 3400 2096 3456 aut
2146 3384 2448 3473 loquitur
2495 3386 2778 3457 fraudu-

242 3474 483 3556 lenter,
537 3486 656 3543 aut
694 3497 830 3561 quo
883 3481 1057 3546 Deus
1103 3477 1511 3557 offendatur,
1568 3475 1757 3545 illam
1814 3496 1968 3544 mox
2017 3476 2268 3547 sentire
2323 3476 2774 3546 immodicum

240 3563 605 3653 sulphuris
655 3562 1002 3633 foetorem.

328 3655 363 3740 ξ
412 3656 550 3725 18.
605 3657 768 3721 Cum
820 3668 996 3723 esset
1043 3666 1281 3723 sancta
1328 3653 1609 3742 Birgitta
1660 3652 1728 3720 in
1779 3653 2078 3740 quadam
2118 3654 2320 3742 Cypri
2361 3654 2553 3734 urbe,
2589 3665 2776 3743 post-

237 3763 449 3828 quam
478 3740 900 3830 Jerosolyma
938 3742 1275 3823 discessit,
1310 3741 1486 3810 fama
1524 3741 1665 3811 illic
1699 3741 2062 3824 ferebatur,
2100 3742 2349 3811 habere
2378 3763 2525 3811 earn
2557 3756 2776 3812 certas

231 3829 579 3917 quasdam
632 3829 1074 3901 revelationes
1104 3832 1188 3900 de
1228 3832 1425 3920 Cypri
1473 3853 1706 3921 regnO.
1744 3836 1950 3899 Erant
1983 3844 2211 3900 autem
2249 3852 2369 3920 per
2398 3830 2465 3898 id
2503 3842 2776 3920 tempus

243 3921 311 3986 in
364 3924 582 4008 Cypro
634 3920 950 3988 monachi
1000 3920 1310 4006 quidam,
1363 3921 1678 3989 carnales
1723 3921 1949 4008 potius
1982 3941 2189 4006 quam
2226 3944 2256 3989 s
2313 3919 2640 3996 iritualeS,
2675 3919 2776 3987 in-

240 4008 385 4075 ssati
436 4008 744 4087 scientia,
800 4020 865 4076 et
912 4009 1162 4096 spiritu
1211 4009 1391 4077 vani.
1437 4008 1487 4077 Ii
1543 4007 1919 4077 irridebant
1968 4021 2033 4076 et
2065 4008 2255 4076 detra
2309 4009 2514 4076 ebant
2547 4006 2779 4077 beatae

239 4096 563 4185 Birgittae
599 4110 946 4182 tamquam
986 4095 1133 4165 fieri
1186 4118 1318 4165 non
1374 4110 1618 4187 posset,
1643 4111 1734 4167 ut
1771 4119 1888 4187 per
1920 4096 2260 4186 ejusmodi
2311 4095 2643 4167 sublimes
2680 4118 2779 4166 re-

248 4183 611 4255 velationes
643 4186 1033 4272 loqueretur
1067 4190 1240 4255 Deus
1276 4208 1431 4255 cum
1473 4186 1749 4254 indocta
1782 4184 2211 4254 muliercula.
2249 4189 2323 4254 In
2360 4184 2448 4254 iis
2479 4198 2622 4255 erat
2649 4185 2782 4255 fra-

249 4286 347 4341 ter
395 4275 622 4343 Simon
663 4274 1175 4353 Dominicanus,
1208 4273 1679 4344 Confessarius
1727 4273 2062 4359 Principis
2101 4273 2517 4352 Antiochiae,
2558 4274 2780 4363 patrui

246 4362 428 4450 regis
459 4364 678 4451 Cypri,
721 4364 840 4450 qui
886 4363 1178 4454 insignis
1209 4364 1592 4453 Theologus
1633 4376 1697 4432 et
1726 4375 2162 4433 astronomus
2192 4363 2595 4443 habebatur,
2630 4385 2782 4431 nos-

234 4462 481 4537 setque
513 4474 759 4523 cursus
792 4452 1096 4523 siderum
1138 4465 1202 4522 et
1253 4453 1712 4543 planetarum,
1768 4450 1883 4521 sed
1935 4473 2073 4521 non
2123 4453 2453 4544 seipsum.
2496 4457 2560 4520 Is
2602 4451 2785 4519 venit

404 4572 641 4629 surius
669 4598 695 4616 -
733 4568 901 4631 Vitae
929 4569 1029 4633 SS.
1060 4602 1088 4618 -
1119 4568 1250 4632 Vol.
1281 4569 1354 4634 X.
2551 4564 2625 4626 ¹8
