3347 4999
214 319 420 387 OCT.
473 318 557 384 24
873 334 952 381 na
1008 334 1064 380 s.
1115 332 1367 379 anama
1414 331 1604 379 mar.
1657 332 1735 379 Er
1782 328 1981 380 socns
2028 332 2178 381 mus
2582 316 2711 411 693}

222 422 617 501 HebraeoS,
669 418 788 506 qui
826 429 1015 507 terga
1061 416 1417 497 dederant,
1461 416 1623 506 jure
1671 415 1836 485 belli
1884 437 2127 486 omnes
2160 417 2450 498 occldit,
2517 417 2689 488 adeo
2730 429 2808 487 ut

224 533 320 581 ne
376 532 567 580 unus
605 506 887 596 quidem
944 507 1029 575 sit
1077 505 1358 575 relictus
1410 505 1505 574 rei
1545 516 1775 595 gestae
1826 505 2151 574 nuncius,
2198 510 2363 576 Cum
2415 517 2646 576 autem
2681 506 2806 576 ha-

222 602 435 672 beret
481 609 852 688 cognatum
906 594 1135 684 Regis,
1190 595 1313 681 qui
1381 594 1446 663 ei
1493 592 1896 664 ostendebat
1944 595 2167 676 viam,
2230 616 2406 682 quae
2477 594 2668 665 ducit
2716 594 2803 664 ad

216 689 589 759 civitatem
624 686 865 765 Phare,
906 685 974 752 in
1016 705 1157 771 qua
1185 695 1333 752 erat
1365 683 1552 773 regia
1581 688 1894 764 Dunaan,
1932 682 2017 752 ad
2070 682 2260 753 illam
2289 683 2621 753 ascendit.
2657 689 2807 767 Qua

221 778 526 869 potituS,
580 787 659 844 ut
703 776 825 861 qui
876 771 1368 843 incustoditam
1427 771 1830 842 offendisset
1877 772 2262 853 civitatem,
2315 772 2502 862 capit
2558 795 2802 844 omnes

212 866 543 944 divitias,
597 885 777 950 quae
823 873 1021 932 erant
1056 862 1125 930 in
1164 860 1376 951 regia,
1411 873 1477 930 et
1525 860 1750 950 ipsam
1801 860 2008 930 etiam
2045 862 2408 952 Reginam.

321 959 364 1044 ξ
416 958 585 1026 82.
636 957 886 1021 Verum
921 971 1082 1021 cum
1118 963 1392 1040 captam
1426 949 1698 1031 urbem,
1730 963 1797 1019 et
1831 949 2087 1040 regiam
2131 962 2564 1040 occupatam,
2600 959 2806 1037 atque

212 1067 407 1116 suos
458 1041 637 1113 bello
684 1052 920 1131 captos
960 1039 1296 1110 audiisset
1330 1042 1641 1118 Dunaan,
1680 1038 1931 1109 timens
1968 1060 2051 1108 ne
2090 1038 2310 1127 aliqui
2356 1060 2439 1108 ex
2484 1039 2800 1130 cognatis

229 1134 625 1204 deficerent
657 1129 743 1200 ad
792 1128 1154 1211 Elesbaan,
1210 1139 1438 1197 mente
1468 1128 1528 1197 ei
1557 1150 1596 1197 a
1632 1132 1764 1198 Deo
1812 1127 2065 1209 ablata,
2096 1151 2258 1198 cum
2307 1150 2518 1199 aurea
2563 1140 2805 1199 catena

228 1247 314 1294 se
366 1235 438 1292 et
488 1219 646 1290 illos
703 1216 819 1287 alli
876 1231 1080 1294 asset,
1119 1216 1399 1287 sedebat
1441 1216 1709 1286 nullam
1763 1239 1995 1287 rerum
2054 1239 2295 1287 curam
2351 1239 2619 1307 gerens.
2673 1217 2806 1299 Qui

219 1325 475 1383 autem
529 1310 600 1377 in
640 1241 964 1398 pluribus
1015 1306 1312 1376 navibus
1358 1318 1554 1375 erant
1609 1304 1997 1396 AethiopeS,
2051 1328 2210 1377 cum
2273 1306 2448 1375 nihil
2496 1305 2806 1376 audivis-

228 1412 402 1473 sent
448 1397 533 1467 de
582 1419 708 1468 suo
743 1402 924 1486 Rege
962 1395 1325 1477 Elesbaan,
1376 1409 1499 1465 aut
1528 1394 1614 1465 de
1660 1394 1771 1475 iis,
1826 1416 2004 1482 quae
2045 1407 2374 1485 gesserat,
2420 1408 2485 1464 et
2532 1396 2805 1465 labora-

229 1502 401 1560 rent
435 1486 671 1577 inopia
710 1507 939 1555 rerum
994 1484 1570 1564 necessariarum,
1615 1498 1981 1571 essentque
2035 1484 2272 1553 animo
2311 1483 2509 1554 dubii
2552 1496 2619 1554 et
2655 1505 2804 1574 per-

226 1576 452 1670 plexi,
496 1575 810 1646 conversi
858 1586 1024 1644 sunt
1061 1573 1144 1643 ad
1204 1579 1333 1643 Deo
1382 1572 1953 1662 supplicandum.
2007 1578 2084 1642 Et
2113 1595 2273 1643 cum
2320 1595 2429 1642 ma
2487 1595 2610 1644 nas
2643 1572 2801 1661 qui-

221 1669 403 1737 dem
434 1685 640 1734 naves
673 1664 852 1733 inter
883 1685 955 1732 se
989 1662 1416 1752 alligassent,
1461 1674 1527 1731 et
1564 1683 1775 1752 super
1807 1661 2104 1752 oblonga
2136 1661 2327 1751 ligna
2367 1684 2442 1731 ve
2473 1685 2513 1731 a
2547 1661 2799 1731 deinde

229 1754 652 1833 vinxissent,
704 1766 770 1822 et
801 1751 1015 1822 veluti
1046 1750 1421 1839 quamdam
1458 1751 1799 1820 civitatem
1842 1751 1908 1819 in
1954 1751 2129 1819 mari
2172 1763 2400 1820 essent
2438 1750 2799 1820 fabricati:

226 1844 674 1915 extrinsecus
700 1854 929 1911 autem
975 1841 1318 1911 breviores
1359 1861 1590 1920 naveS,
1631 1861 1808 1926 quae
1841 1839 2191 1926 quoddam
2241 1861 2597 1909 murorum
2649 1839 2804 1908 imi-

235 1934 576 2004 tabantur
636 1929 1263 2021 propugnaculum,
1317 1927 1779 2009 ordinassent,
1825 1950 2067 1998 omnes
2115 1927 2324 1997 simul
2375 1929 2798 2019 congregati,

226 2043 408 2093 cum
445 2019 774 2109 lacrymis
803 2023 935 2088 Deo
962 2018 1239 2108 longam
1282 2016 1688 2088 obtulerunt
1719 2015 2325 2107 supplicationem.
2351 2017 2607 2087 Deinde
2636 2040 2798 2088 cum

230 2132 445 2182 sacra
493 2120 890 2200 gustassent
936 2106 1288 2196 mysteria,
1341 2119 1408 2176 et
1440 2127 1513 2176 se
1542 2118 1951 2187 armassent,
2003 2105 2508 2176 descenderunt
2558 2106 2629 2175 in
2679 2128 2802 2175 na-

233 2222 364 2270 ves
412 2198 796 2269 breviores:
848 2210 915 2265 et
961 2208 1220 2267 stantes
1258 2216 1340 2265 ex
1384 2194 1692 2281 obliquo,
1750 2216 1834 2264 ne
1867 2196 2257 2286 acciperent
2282 2194 2560 2282 aliquod
2602 2194 2800 2264 dam-

234 2310 416 2359 num
461 2309 501 2355 a
551 2284 703 2356 telis
751 2285 1092 2366 hostium,
1143 2305 1259 2353 eas
1310 2284 1445 2374 ipsi
1497 2283 1792 2374 majores
1833 2295 1985 2372 post
2024 2305 2096 2353 se
2131 2283 2475 2362 trahentes
2507 2282 2805 2374 impule-

236 2387 414 2446 runt
458 2374 545 2444 ad
596 2385 874 2455 terram,
915 2373 1133 2443 donec
1181 2371 1478 2463 appulsa
1530 2394 1767 2442 eorum
1822 2372 2031 2442 latera
2084 2372 2213 2443 fixa
2263 2372 2543 2443 fuerunt
2583 2373 2651 2443 in
2690 2367 2802 2442 Iit-

239 2478 414 2547 tore,
468 2463 638 2534 adeo
671 2475 748 2533 ut
797 2469 1002 2533 naves
1049 2462 1331 2533 essenti
1391 2462 1488 2532 sis
1538 2483 1658 2552 pro
1695 2484 1919 2533 muro.
1958 2466 2202 2533 Hostes
2253 2484 2408 2534 vero
2460 2463 2802 2532 irruentes

230 2575 408 2625 cum
446 2553 728 2631 lanceis,
767 2551 1295 2642 confringebant
1367 2564 1554 2620 atera
1605 2551 1998 2622 breviorum
2065 2552 2373 2633 navium,
2440 2564 2505 2621 et
2546 2555 2800 2642 magna

239 2642 562 2712 molestia
608 2641 1000 2711 afficiebant
1032 2641 1415 2729 Aethiopes.
1459 2640 1590 2723 Qui
1646 2663 1807 2710 cum
1853 2641 2179 2730 lacrymis
2239 2663 2484 2710 rursus
2534 2640 2806 2709 Domini

235 2732 660 2802 invocabant
692 2729 1056 2801 auxilium.
1103 2735 1258 2821 Ipse
1287 2743 1516 2800 autem
1552 2751 1669 2800 eos
1700 2729 2044 2799 exaudiit:
2081 2743 2146 2798 et
2170 2730 2403 2800 statim
2438 2750 2565 2797 vox
2594 2750 2804 2815 quae-

228 2821 402 2891 dam
457 2819 586 2890 fuit
632 2819 718 2888 de
764 2819 954 2890 coelo
1001 2818 1348 2900 exaudita,
1402 2840 1578 2906 quae
1618 2818 1913 2888 dicebat:
1960 2817 2257 2900 Gabriel,
2312 2815 2626 2896 Gabriel,
2678 2821 2806 2888 Ga-

237 2910 419 2980 briei
444 2909 500 2978 *ε
553 2921 620 2979 et
651 2908 936 2996 quidam
971 2930 1048 2980 ex
1097 2908 1261 2988 illis,
1313 2909 1436 2995 qui
1478 2928 1687 2977 naves
1733 2904 2206 2997 impellebant,
2263 2907 2524 2996 virgam
2580 2905 2806 2975 ferens

237 2999 562 3076 ferream,
602 3020 781 3086 quae
837 3019 1136 3089 superne
1201 2996 1483 3085 quidem
1539 2995 1833 3065 habebat
1882 2999 2193 3078 Crucem,
2249 2994 2516 3064 inferne
2568 3006 2803 3065 autem

239 3088 584 3166 lanceam,
629 3109 787 3157 cum
839 3097 1205 3167 enatasset,
1258 3098 1323 3155 et
1381 3086 1598 3155 unius
1644 3084 1807 3172 equi
1855 3083 2151 3154 caudam
2201 3084 2798 3175 apprehendisset,

238 3177 316 3246 in
367 3177 519 3265 ejus
546 3175 728 3245 latus
762 3175 910 3266 figit
949 3175 1259 3246 lanceam
1312 3174 1507 3254 adeo,
1554 3186 1629 3242 ut
1669 3195 1828 3244 mox
1877 3172 2193 3242 turbatus
2225 3195 2448 3260 equus
2481 3173 2805 3265 dejecerit

239 3266 539 3338 hostem.
578 3276 643 3333 et
690 3263 810 3333 alii
857 3265 1123 3351 equites
1172 3263 1415 3332 timore
1463 3263 1712 3343 affecti,
1757 3261 2136 3332 ceciderint
2166 3262 2235 3331 in
2275 3276 2553 3332 terram.

333 3354 372 3439 ἓ
418 3356 583 3423 88.
639 3352 1071 3425 confidentes
1119 3353 1347 3438 itaque
1394 3351 1756 3440 Aethiopes
1803 3373 1964 3421 cum
2015 3351 2532 3423 descendissent
2591 3373 2629 3421 e
2679 3372 2802 3420 na-

235 3441 470 3519 vibus,
522 3450 588 3509 et
638 3462 887 3511 manus
959 3440 1472 3511 conseruissent
1522 3462 1683 3509 cum
1737 3439 2088 3521 hostibus,
2145 3462 2263 3512 eos
2323 3440 2674 3520 fuderunt,
2733 3452 2801 3509 et

235 3550 488 3600 omnes
533 3528 1045 3610 interfecerunt,
1085 3540 1151 3597 et
1191 3529 1459 3619 regium
1496 3528 1793 3617 ingressi
1832 3528 2381 3612 tabernaculum,
2437 3528 2802 3599 inveniunt

237 3618 453 3689 aurea
500 3621 740 3687 catena
791 3617 1095 3687 vinctum
1130 3639 1291 3687 cum
1344 3618 1453 3699 iis,
1498 3618 1618 3705 qui
1667 3639 1916 3708 genere
1964 3617 2048 3687 ad
2102 3619 2333 3706 ipsum
2384 3617 2795 3698 attinebant,

244 3713 555 3778 Dunaam
607 3712 857 3796 Regem
911 3708 1325 3776 Hebraeum.
1361 3711 1528 3778 Cum
1574 3721 1801 3777 autem
1840 3706 2338 3777 intellexissent
2388 3728 2593 3777 suum
2633 3729 2804 3792 quo-

234 3817 377 3885 que
427 3801 521 3865 Re
571 3816 679 3864 em
745 3795 1441 3885 praestantissimum,
1500 3806 1566 3865 et
1611 3795 1803 3866 omni
1850 3816 1934 3865 ex
1984 3810 2174 3885 parte
2220 3796 2563 3886 optimum
2615 3795 2806 3864 Eles-

241 3887 421 3956 baan
475 3883 518 3952 il
557 3886 617 3952 ic
665 3905 1044 3973 occupasse
1117 3884 1404 3974 regiam,
1473 3905 1760 3975 propere
1815 3884 1898 3953 ad
1968 3906 2128 3954 eum
2197 3895 2686 3964 accesserunt,
2742 3897 2810 3954 et

237 3974 478 4044 omnia
514 4028 529 4055 ,
581 3995 759 4061 quae
804 3986 997 4063 gesta
1051 3972 1368 4056 fuerant,
1448 3985 1938 4062 exposuerunt.
1997 3972 2122 4042 Ille
2164 3986 2392 4044 autem
2458 3972 2808 4062 praesidio

245 4062 483 4132 relicto
541 4062 610 4131 in
675 4061 991 4143 civitate,
1050 4063 1349 4133 maxima
1422 4062 1595 4132 abiit
1639 4061 2008 4132 celeritate.
2064 4066 2142 4131 Et
2210 4084 2371 4132 cum
2425 4061 2809 4132 invenisset

248 4154 532 4222 Dunaan
575 4155 788 4221 aurea
822 4150 940 4220 illa
989 4151 1296 4221 vinctum
1346 4152 1612 4232 catena,
1669 4151 1900 4241 ipsum
1948 4150 2290 4221 interfecit
2339 4164 2405 4220 et
2450 4162 2802 4240 cognatm,

248 4242 459 4309 Deum
527 4238 844 4322 laudans,
897 4252 963 4310 et
1012 4240 1357 4310 insultans
1406 4239 1657 4310 Christi
1719 4238 2075 4322 hostibuS,
2134 4262 2422 4331 poenam
2474 4239 2807 4311 dantibus

283 4397 328 4457 ,⁸
356 4400 584 4451 Anhang.
609 4400 800 4442 Gabriel
819 4398 1021 4442 maxim&
1041 4401 1215 4441 contui-
1233 4401 1535 4441 veneratione
1559 4399 1685 4441 inter
1703 4398 1978 4451 Aethiopem
2006 4402 2089 4452 qui
2108 4401 2166 4449 ei,
2194 4403 2246 4443 iu
2279 4402 2562 4444 Kalendarto
2599 4414 2685 4445 suo
2712 4407 2811 4447 tres

243 4450 368 4504 dien,
389 4452 588 4501 scilicet.
607 4456 658 4496 18
677 4454 955 4503 decembris,
973 4457 1026 4496 30
1047 4452 1209 4496 martii
1228 4455 1277 4495 et
1296 4455 1351 4495 18
1364 4452 1491 4504 junii
1511 4458 1777 4496 sacrarunt.
