3347 4999
688 315 813 377 ’116
1457 328 1534 374 nr„
1583 327 1639 373 s,
1696 324 2036 373 rnANc1sco
2086 323 2269 372 conr.
2882 303 3093 369 OCT.
3159 305 3194 368 4

596 418 933 487 indicium
978 415 1409 483 existimabat
1437 411 1782 480 insolitam
1818 410 2173 480 visionem.
2203 409 2552 499 Disposuit
2586 410 2840 497 itaque,
2877 407 3200 475 divinae

595 507 826 575 adhuc
862 503 1332 594 dispositionis
1381 503 1692 593 ignarus,
1746 501 1817 569 in
1869 499 2181 591 Apuliam
2224 498 2309 567 ad
2358 498 2733 586 quemdam
2785 497 3192 594 liberalem

596 595 923 665 Comitem
975 615 1046 662 se
1084 590 1414 671 conferre,
1463 591 1528 658 in
1586 591 1808 679 ipsius
1856 610 2144 679 sperans
2199 588 2528 674 obsequio
2576 587 2792 656 decus
2849 586 3193 677 adipisci

596 682 906 764 militiae,
961 695 1036 752 ut
1083 694 1356 751 ostensa
1406 679 1538 748 sibi
1590 678 1758 749 visio
1858 677 2315 747 raetendebat.
2365 681 2669 763 Cumque
2722 676 2948 767 paulo
3030 691 3198 764 post

595 775 725 843 iter
756 794 1148 862 aggressus,
1205 771 1436 838 iv‘isset
1482 788 1706 853 usque
1753 701 1850 835 ad)
1893 766 2271 856 proximam
2322 765 2690 845 civitatem,
2747 765 3050 834 audivit
3123 765 3194 832 in

597 876 794 932 nocte
848 862 1208 930 Dominum
1259 855 1582 926 familiari
1622 854 1750 925 sibi
1789 855 2205 925 allocutione
2253 853 2634 924 dicentem:
2691 854 3190 930 «Francisce,

596 953 754 1039 quis
806 963 1022 1040 potest
1072 947 1319 1016 melius
1367 946 1589 1014 facere
1660 943 1808 1024 tibi,
1863 944 2216 1022 dominus,
2271 964 2358 1011 an
2410 945 2693 1014 servus?
2771 943 2984 1014 dives
3017 999 3036 1022 ,
3102 965 3194 1009 an

595 1042 972 1132 pauperi»
1024 1037 1143 1106 Cui
1193 1057 1350 1105 cum
1408 1033 1816 1103 Franciscus
1871 1032 2358 1121 respondisset,
2397 1032 2578 1119 quod
2633 1045 2770 1103 tam
2819 1032 3196 1102 dominus

594 1128 1059 1217 quam-diveS,
1113 1124 1334 1193 facere
1371 1122 1617 1192 melius
1659 1133 1918 1212 potest;
1976 1121 2207 1190 intulit
2256 1122 2536 1190 statim:
2597 1147 2621 1184 a
2661 1127 2794 1190 Cur
2827 1143 3018 1222 ergo
3091 1144 3195 1189 re-

525 1263 529 1270 ·
596 1217 859 1304 linquis
909 1237 1031 1305 pro
1089 1234 1280 1282 servo
1342 1212 1742 1290 Dominum,
1809 1225 1874 1279 et
1937 1231 2057 1301 pro
2128 1231 2431 1300 paupere
2508 1210 2790 1279 homine
2861 1211 3185 1279 divitem

599 1309 858 1376 Deum?
903 1329 937 1368 »
991 1309 1067 1371 Et
1106 1301 1561 1371 Franciscus:
1618 1323 1652 1365 «
1685 1300 1859 1382 Quid
1914 1321 2022 1367 me
2069 1298 2171 1370 vis
2202 1354 2216 1380 ,
2272 1297 2595 1380 Domine,
2649 1299 2936 1368 facere?
2973 1325 3006 1364 ι
3057 1304 3144 1368 Et
3173 1354 3187 1376 ,

598 1394 932 1465 Dominus
980 1391 1065 1461 ad
1116 1412 1315 1460 eum:
1376 1411 1413 1455 «
1442 1396 1797 1459 Revertere
1828 1391 1897 1457 in
1952 1401 2200 1458 terram
2243 1401 2458 1467 tuam;
2503 1388 2669 1474 quia
2702 1388 2905 1466 visio,
2953 1409 3188 1475 quam

596 1484 851 1564 vidisti,
885 1479 1318 1571 spiritualem
1356 1478 1774 1568 praefigurat
1811 1478 2152 1557 effectum,
2189 1498 2321 1545 non
2377 1476 2704 1558 humana,
2744 1477 2867 1546 sed
2928 1477 3193 1546 divina

599 1574 667 1641 in
710 1586 771 1641 te
819 1569 1273 1659 dispositione
1303 1567 1825 1657 complendum.
1861 1591 1896 1632 »

686 1665 722 1747 ξ
770 1665 855 1733 ιι.
910 1665 1103 1728 Mane
1152 1659 1382 1744 itaque
1421 1647 1620 1735 fact0,
1668 1677 1828 1726 cum
1880 1653 2314 1726 festinatione
2352 1653 2711 1724 revertitur
2742 1655 3128 1726 Ass-,isium
3159 1657 3188 1686 ⁴

594 1772 856 1828 versuS‚
902 1770 1190 1818 securus
1237 1761 1302 1814 et
1350 1745 1696 1836 gaudens:
1751 1758 1831 1814 et.
1853 1746 1998 1834 Jam
2028 1743 2376 1831 exemplar
2409 1741 2841 1813 obedientiae
2897 1745 3182 1816 factus.

598 1839 1035 1927 exspectabat
1092 1835 1363 1904 Domini
1406 1834 1851 1903 voluntatem.
1914 1838 2175 1901 Extunc
2215 1854 2253 1899 a
2297 1831 2616 1920 publicae
2665 1834 3188 1923 negotiationis

598 1926 901 1997 tumultu
936 1948 1007 1994 se
1042 1923 1479 2003 subtrahens,
1536 1944 1906 2011 supernam
1944 1921 2179 1990 devote
2283 1920 2639 1988 recabatur
2675 1921 3182 1996 clementiam.

594 2030 693 2097 ut,
729 2014 894 2102 quid
947 2014 1075 2083 sibi
1119 2013 1289 2081 foret
1335 2011 1726 2112 agendum,
1790 2009 2147 2079 ostendere
2209 1943 2639 2109 dignaretur.
2694 2014 2866 2080 Cum
2922 2025 3182 2081 autem

596 2127 676 2175 ex
725 2102 1066 2192 frequenti
1115 2102 1445 2170 orationis
1493 2123 1629 2170 usu
1671 2100 1953 2167 flamma
1988 2098 2310 2167 desiderit
2362 2098 2675 2169 coelestis
2715 2099 2785 2167 in
2816 2121 2904 2170 eo
2955 2101 3186 2169 vehe-

597 2206 865 2262 menter
914 2191 1397 2271 succresceret,
1442 2202 1505 2258 et
1545 2188 1693 2277 jam
1729 2209 1852 2346 pro
1886 2209 2116 2257 amore
2152 2208 2493 2276 supernae
2583 2189 2820 2270 atriae,
2884 2202 3184 2259 terrena

597 2281 833 2352 omnia
895 2280 1274 2370 despiceret
1328 2278 1525 2365 quasi
1578 2277 1724 2346 nihi
1773 2332 1787 2359 ,
1851 2277 2254 2346 thesaurum
2308 2277 2522 2346 sentie
2575 2288 2643 2346 at
2691 2299 2763 2347 se
2811 2280 3183 2368 reperisse

597 2369 1108 2449 absconditum,
1147 2390 1225 2438 ac
1279 2367 1459 2436 velut
1508 2367 1815 2457 prudens
1851 2366 2250 2457 negotiator,
2308 2367 2752 2455 margaritam
2798 2367 3179 2436 inventam

595 2458 1046 2551 excogitabat,
1085 2455 1380 2527 venditis
1413 2456 1765 2530 omnibus,
1819 2477 2243 2545 comparare.
2283 2453 2522 2525 Adhuc
2563 2468 2816 2537 tamen,
2854 2456 3181 2544 qualiter

597 2548 663 2618 id
709 2562 959 2649 ageret,
1014 2547 1412 2638 ignorabat;
1446 2547 1579 2614 nisi
1612 2545 1778 2632 quia
1820 2545 2042 2633 ipsius
2076 2545 2581 2636 suggerebatur
2619 2546 2927 2636 spiritui.
2973 2546 3174 2633 quod

600 2637 985 2727 spiritualis
1024 2636 1349 2706 mercatio
1397 2657 1435 2704 a
1478 2633 1726 2703 mundi
1773 2646 2174 2722 contemptu
2223 2647 2453 2703 sumat
2501 2634 2803 2714 initium,
2863 2635 3176 2705 Christi-

596 2749 732 2816 que
783 2726 1030 2795 militia
1079 2725 1168 2795 sit
1215 2748 1253 2794 a
1288 2724 1626 2814 suiipsius
1660 2723 1943 2791 victoria
1992 2721 2409 2792 inchoanda.

688 2824 726 2897 ἓ
773 2821 860 2887 5.
901 2814 1210 2898 Quadam
1263 2815 1495 2900 itaque
1542 2812 1678 2891 die,
1736 2810 1904 2881 dum
1954 2812 2293 2898 equitaret
2342 2832 2463 2902 per
2515 2811 2903 2912 planitiem,
2983 2835 3172 2900 quae

598 2905 903 2994 subjacet
935 2904 1190 2974 civitati
1227 2902 1487 2982 Assisii‚
1526 2900 1874 2992 leprosum
1910 2900 2281 2987 quemdam
2314 2900 2562 2970 habu1t
2606 2902 2914 2982 obvium,
2949 2902 3172 2991 cujus

597 2994 995 3084 inopinatus
1034 3014 1365 3062 occursus
1404 2992 1632 3061 cinon
1682 3011 1969 3080 parvum
2004 2991 2300 3060 incussit
2328 2990 2710 3060 horrorem.
2757 2994 3166 3059 Recurrens

599 3096 830 3151 autem
883 3081 966 3151 ad
1022 3080 1458 3172 perfectionis
1521 3093 1747 3149 mente
1785 3080 1932 3169 jam
1984 3093 2352 3170 conceptae
2403 3079 2858 3169 propositum,
2924 3091 2997 3149 et
3063 3083 3168 3148 re·

596 3169 831 3240 colens
871 3170 1057 3257 quod
1108 3170 1415 3258 seipsum
1465 3181 1807 3259 oporteret
1858 3168 2161 3258 primum
2198 3168 2579 3249 devincere,
2619 3168 2678 3237 si
2727 3167 2928 3239 vellet
2976 3168 3166 3239 effici

598 3260 846 3328 Christi
893 3258 1113 3337 mileS,
1168 3257 1251 3326 ad
1303 3257 1854 3327 deosculandum
1907 3279 2094 3340 eum,
2147 3279 2323 3344 equo
2359 3257 2619 3347 lapsuS,
2661 3258 3001 3327 adcurrit.
3040 3259 3166 3329 Cui

596 3370 755 3415 cum
794 3368 1107 3428 manum,
1145 3349 1343 3433 quasi
1392 3346 1652 3432 aliquid
1701 3359 2138 3434 accepturus,
2183 3346 2495 3435 leprosus
2530 3347 2993 3435 protenderet,
3055 3371 3164 3437 pe-

598 3436 878 3506 cuniam
916 3458 1078 3505 cum
1129 3435 1366 3504 osculo
1408 3437 1796 3524 reportavit.
1855 3434 2094 3505 Statim
2146 3448 2372 3505 autem
2424 3457 2679 3522 equum
2733 3436 3153 3516 ascendens,

538 3568 543 3571 ι
600 3539 665 3594 et
715 3547 787 3594 se
838 3525 1384 3611 circumquaque
1451 3530 1878 3604 convertam,
1951 3545 2113 3594 cum
2177 3546 2472 3614 campus
2533 3537 2790 3615 pateret
2838 3524 3159 3613 undique

597 3614 792 3694 liber,
826 3613 1175 3714 leprosum
1220 3611 1416 3682 illum
1456 3613 1741 3682 minime
1791 3611 1983 3682 vidit.
2039 3612 2503 3683 Admiratione
2561 3615 2791 3701 itaque
2850 3613 3159 3704 repletus

595 3714 660 3771 et
707 3701 985 3793 gaudio,
1044 3700 1284 3771 laudes
1332 3700 1555 3792 coepit
1608 3703 1891 3770 Domino
1932 3701 2298 3772 decantare
2345 3702 2606 3788 devote;
2653 3724 3056 3793 proponens
3079 3727 3161 3774 ex

598 3792 728 3860 hoc
779 3813 1051 3881 semper
1082 3789 1463 3879 admajora
1511 3790 1995 3861 conscendere.
2055 3791 2370 3860 Solitaria
2407 3792 2698 3881 proinde
2749 3791 2898 3862 loca
2948 3814 3160 3879 quae-

595 3880 808 3961 rebat,
853 3881 1076 3949 amica
1126 3878 1579 3960 moeroribUS‚
1637 3881 1708 3948 in
1758 3880 2016 3967 quibus
2047 3879 2213 3949 dum
2253 3881 2628 3969 gemitibus
2658 3882 3157 3952 inenarrabili-

596 3969 732 4039 bus
780 3970 1203 4038 incessanter
1252 3968 1654 4049 intenderet,
1725 3981 1876 4059 post
1951 3967 2226 4059 longam
2306 3990 2586 4058 precum
2654 3970 3062 4041 instantiam
3114 3995 3155 4041 a

596 4058 886 4127 Domino
935 4059 1185 4128 meruit
1230 4057 1564 4128 exaudiri.
1620 4063 1796 4126 Dum
1827 4057 2014 4127 enim
2046 4079 2188 4127 una
2226 4057 2496 4129 dierum
2549 4058 2649 4129 sic
2676 4074 3151 4147 sequestratus

596 4160 840 4227 oraret,
894 4161 958 4216 et
999 4169 1160 4237 prae
1196 4147 1545 4218 nimietate
1591 4147 2091 4223 fervoris.totus
2137 4159 2318 4218 esset
2362 4148 2735 4238 absorptus
2787 4148 2854 4217 in
2903 4154 3142 4229 Deum,

596 4236 917 4325 apparuit
992 4236 1053 4304 ei
1130 4236 1440 4308 Christus
1508 4241 1714 4305 Jesus
1787 4236 1994 4306 veluti
2074 4238 2272 4307 Cruci
2349 4238 2689 4307 confixus.
2763 4236 2857 4305 Ad
2940 4239 3148 4327 cujus

652 4400 674 4421 ὗ
704 4399 918 4440 Umbriae
949 4397 1114 4446 exigua
1142 4401 1271 4447 urbs,
1298 4398 1563 4450 Episcopati
1598 4401 1709 4440 sede
1745 4400 1928 4443 ornata.
1962 4401 2020 4441 ob
2059 4403 2102 4443 S.
2141 4398 2379 4442 Francisci
2420 4412 2472 4443 ac
2499 4402 2540 4443 S.
2566 4402 2728 4443 Clarae
2754 4397 2963 4451 Virginis
2985 4404 3153 4447 ortum.

597 4452 723 4493 inter
743 4463 902 4494 omnes
926 4453 1041 4494 alias
1061 4454 1227 4495 Italiae
1247 4455 1400 4501 urbes,
1421 4455 1558 4504 longe
1578 4455 1998 4503 praestantissima.
3047 4482 3054 4485 -
