3347 4999
307 186 482 252 OCT.
536 188 577 250 9
1166 204 1243 249 mi·
1292 203 1347 250 s.
1402 202 1663 249 aistano
1714 202 2009 250 com-ess.
2639 187 2753 252 311

304 289 633 358 habuisse
681 287 800 357 ubi
850 298 1059 375 caput
1109 309 1315 357 suum
1368 288 1755 357 reclinaret.
1800 292 2034 373 ltaque
2069 288 2226 378 pius
2275 288 2629 370 Dominus,
2701 290 2856 378 ejus

302 377 763 447 humilitatem
820 377 1144 466 probans,
1201 376 1510 464 proxima
1547 389 1739 445 nocte
1788 375 2070 444 domum
2100 376 2284 444 illam
2337 379 2595 447 evertit.
2651 379 2852 448 Illico

302 465 646 556 perlatum
688 477 788 535 est
820 465 901 534 ad
958 464 1442 556 Hildulphum,
1481 487 1756 533 omnem
1811 487 2090 554 operam
2149 478 2213 533 et
2259 464 2354 536 im
2412 488 2615 536 ensas
2662 468 2843 558 ejuS,

303 555 611 644 collapsa
645 554 873 634 dom0,
925 555 1233 643 periisse.
1274 554 1723 623 Contristatus
1756 553 1869 622 ille
1897 554 2023 622 hac
2061 575 2153 633 re,
2197 488 2477 642 putabat
2508 555 2622 623 tali
2649 579 2855 647 opere

303 667 374 715 se
408 644 772 734 indignum
825 643 1061 712 fuisse.
1107 642 1233 712 Sed
1285 643 1559 711 tandem
1612 642 1678 710 in
1739 664 1810 711 se
1862 664 2197 722 reversus,
2238 656 2304 710 et
2361 665 2399 712 a
2449 656 2686 713 sancto
2739 668 2850 714 sa-

308 733 580 803 cerdote
620 731 895 802 Gisleno
946 732 1186 802 ruinae
1233 754 1513 801 causam
1568 730 1893 810 edoctus,
1949 731 2082 800 cito
2136 731 2354 810 rediit,
2414 744 2477 800 et
2527 732 2859 801 humilio-

306 844 447 891 rem
486 821 751 890 curavit
784 820 1071 890 domum
1115 822 1182 888 in
1232 821 1481 890 montis
1512 820 1717 889 latere
1758 819 2288 899 aedificandam,
2328 820 2681 907 simulque
2715 843 2858 890 ora·

311 911 560 980 torium
615 912 681 978 in
734 910 1062 979 honorem
1108 910 1282 979 Petri
1332 923 1396 978 et
1445 909 1633 977 Pauli
1684 908 2205 997 Apostolorum:
2258 908 2379 977 ubi
2434 908 2627 978 beata
2677 910 2857 978 Wal-

305 998 618 1068 detrudis
665 1020 826 1067 cum
876 997 1185 1086 ejusdem
1225 999 1518 1067 instituti
1569 998 1910 1087 religiosis
1960 997 2235 1066 seminis
2285 1011 2468 1067 caste
2522 1011 2585 1067 et
2635 998 2858 1067 humi·

199 1136 204 1141 -
306 1088 463 1158 liter
498 1088 686 1167 vixit,
765 1100 851 1166 et,
899 1090 1092 1156 beato
1145 1087 1419 1156 Gisleno
1479 1087 1829 1166 hortante,
1913 1091 2355 1156 cameracum
2425 1086 2762 1176 prosecta,
2818 1110 2855 1156 a

306 1191 544 1247 sancto
591 1176 909 1246 Autberto
949 1175 1283 1265 Episcopo
1333 1198 1605 1244 sacrum
1649 1175 1913 1265 accepit
1956 1175 2302 1251 velamen,
2366 1174 2548 1263 quod
2599 1190 2700 1246 est
2753 1177 2857 1245 in-

308 1266 618 1336 nocentis
651 1266 826 1334 vitae
867 1264 1284 1354 symbolum.
1331 1271 1417 1332 Ac
1466 1264 1831 1353 deinceps,
1887 1264 2110 1350 quoad
2166 1265 2368 1344 vixit,
2425 1266 2680 1334 sanctis
2722 1266 2858 1333 vir-

311 1355 572 1425 tutibus
650 1376 927 1443 operam
1004 1354 1227 1436 dedit,
1294 1367 1359 1423 et
1432 1353 1603 1421 alias
1677 1353 1818 1422 illic
1890 1353 2215 1443 degentes
2289 1353 2525 1422 docuit
2590 1353 2859 1423 calcare

307 1444 552 1513 mundi
591 1443 802 1532 hujus
827 1442 1213 1524 vanitatem,
1254 1443 1662 1529 cunctisque
1697 1443 2079 1512 sanctitatis
2114 1442 2478 1532 speculum
2516 1454 2579 1510 et
2611 1444 2857 1513 norma

307 1533 551 1602 salutis
599 1531 751 1601 fuit.
1629 1596 1638 1605 .
1906 1558 1921 1566 “
2252 1582 2257 1586 -

397 1625 432 1709 ξ
480 1626 576 1691 9.
647 1620 971 1710 Pergebat
1019 1618 1289 1688 interim
1358 1619 1599 1689 beatus
1647 1619 1969 1690 Gislenus
2029 1619 2212 1689 verbi
2265 1619 2378 1688 Dei
2439 1619 2699 1708 jactare
2759 1642 2861 1691 se-

261 1764 268 1770 .
308 1710 522 1790 mina,
576 1711 866 1799 cupiens
900 1731 1137 1778 omnes
1163 1707 1249 1775 ab
1297 1708 1510 1797 hujus
1562 1709 1804 1777 mundi
1839 1731 2071 1777 amore
2105 1709 2472 1790 abducere,
2513 1722 2578 1778 et
2611 1710 2860 1799 adjun-

309 1821 467 1889 gere
517 1799 804 1867 ChristO.
845 1803 920 1867 Et
949 1813 1333 1888 opportune
1368 1819 1532 1866 sane
1571 1797 1656 1866 ad
1692 1798 1956 1867 beatam
1997 1797 2499 1867 waldetrudem
2536 1798 2847 1878 accessit,

309 1888 762 1956 saluberrinie
809 1909 958 1953 eam
1020 1887 1427 1964 admonenS,
1483 1900 1558 1955 ut
1609 1908 1869 1955 memor
1920 1888 2313 1976 Scripturae
2362 1887 2675 1957 dicentis:
2730 1889 2868 1969 Qui

310 1978 527 2053 audit,
575 1978 778 2057 (licat,
827 1979 988 2045 Veni
1028 1976 1267 2065 (Apoc.
1321 1974 1519 2061 xxn),
1579 1997 1876 2044 sororem
1932 1998 2128 2044 suam
2196 1975 2666 2065 Aldegundem
2720 1980 2855 2044 Deo

311 2065 567 2135 lucrari
607 2078 1011 2145 conaretur,
1041 2077 1269 2150 ,atque
1318 2065 1518 2133 etiam
1575 2063 1754 2132 filias
1804 2086 1966 2134 suas
2014 2062 2473 2134 Aldetrudem'
2502 2076 2566 2134 et
2606 2063 2860 2133 Madel-

309 2154 568 2223 bertam
619 2176 1020 2223 consecrare
1060 2159 1246 2243 Agno
1283 2153 1407 2232 illi,
1443 2152 1565 2239 qui
1598 2166 1699 2222 est
1731 2152 2075 2222 candidus
2112 2152 2356 2222 vellere
2397 2154 2854 2233 innocentiae,

309 2243 749 2313 rubicundus
800 2244 1165 2331 passione.
1220 2240 1477 2311 electus
1543 2264 1621 2310 ex
1672 2240 1984 2311 millibus
2048 2254 2488 2324 sanctorum,
2558 2241 2864 2311 Ecclesia

312 2344 498 2399 teste.
545 2337 684 2399 Non
721 2332 931 2401 surda
980 2352 1145 2399 aure
1194 2330 1262 2398 id
1314 2330 1566 2419 accipit
1619 2330 2100 2411 WaldetrudiS‚
2156 2332 2469 2401 hortatur
2515 2331 2861 2421 Aldegun-

310 2419 492 2498 dem,
533 2432 814 2506 sanctus
858 2431 1046 2509 pater
1094 2418 1414 2488 Gislenus
1454 2419 1649 2488 docet
1696 2441 1844 2488 eam
1880 2474 1894 2498 ,
1950 2419 2372 2511 Aldegundis
2426 2419 2859 2511 virgumcula

311 2508 559 2578 Christi
634 2522 837 2577 totam
912 2530 982 2577 se
1024 2508 1285 2578 confert
1339 2509 1422 2578 ad
1479 2510 1747 2577 Domini
1808 2510 1916 2578 sui
1974 2509 2430 2590 famulatum,
2484 2510 2553 2577 in
2606 2508 2861 2578 Malbo·

311 2597 537 2666 diensi
586 2597 937 2676 coenobio,
992 2596 1174 2683 quod
1211 2597 1361 2697 ipsa
1410 2597 1720 2667 condidit
1780 2620 1859 2667 ex
1908 2600 2108 2668 bonis
2157 2598 2305 2671 suis
2355 2597 2855 2679 haereditariiS,

314 2707 568 2774 sponso
602 2707 728 2755 suo
764 2687 1089 2766 servienS,
1141 2708 1260 2772 qut
1299 2688 1604 2776 pascitur
1651 2688 1828 2756 inter
1879 2687 2022 2756 lilia
2059 2688 2238 2755 nivei
2282 2686 2588 2774 pudoris.
2643 2691 2857 2773 Atque

310 2774 454 2843 illic
493 2787 885 2844 constructo
915 2776 1231 2855 oratori0‚
1285 2788 1350 2844 et
1379 2774 1535 2845 aliis
1579 2777 1980 2847 necessariis
2029 2775 2325 2845 officinis
2373 2788 2576 2861 atque
2626 2775 2853 2844 domi-

309 2864 511 2944 ciliis,
569 2865 700 2933 sub
749 2864 998 2933 umbra
1047 2863 1334 2944 nitenti,
1397 2886 1600 2951 quem
1664 2865 2138 2943 desiderabat,
2194 2864 2417 2945 sedit,
2471 2877 2536 2933 et
2585 2862 2854 2933 fructus

310 2953 503 3022 illius
549 2953 789 3023 dulces
836 2954 1099 3043 gutturi
1129 2953 1302 3042 ejus·
1357 2954 1659 3040 Denique
1704 2975 1934 3023 amore
1974 2953 2419 3042 languentem
2477 2951 2860 3022 introduxit

310 3042 379 3109 in
431 3040 674 3111 cellam
710 3042 1075 3113 vinariam.
1120 3042 1599 3129 ordinavitque
1633 3044 1703 3110 in
1734 3064 1813 3111 ea
1839 3042 2269 3111 charitatem.
2310 3042 2432 3112 His
2482 3063 2637 3110 vero
2669 3040 2861 3112 aliis*

309 3152 443 3217 que
492 3132 875 3200 sanctitatis
945 3131 1196 3201 studiis
1244 3131 1328 3200 de
1377 3131 1487 3199 die
1536 3132 1604 3198 in
1656 3131 1838 3200 diem
1889 3130 1974 3199 ad
2046 3130 2327 3200 meliora
2382 3131 2852 3221 progredienS,

311 3219 639 3289 omnibus
695 3221 838 3288 visa
887 3233 988 3289 est
1046 3220 1329 3288 lucerna
1381 3219 1618 3288 lucens
1665 3234 1731 3288 et
1778 3220 2052 3289 ardens.
2121 3220 2315 3289 Venit
2380 3233 2612 3309 postea
2658 3220 2722 3288 ei
2785 3219 2857 3287 in

314 3319 635 3387 mentem,
692 3322 768 3377 ut
803 3330 1103 3380 sororem
1156 3331 1353 3378 suam
1396 3307 1898 3377 waldetrudem
1953 3309 2022 3376 in
2075 3322 2305 3377 monte
2354 3308 2719 3378 Castriloco
2752 3308 2858 3377 in-

312 3397 593 3467 viseret:
638 3417 845 3482 quam
892 3420 1053 3466 cum
1100 3397 1380 3466 vidisset
1429 3396 1665 3466 multis
1727 3397 1936 3487 hujus
1980 3398 2153 3466 vitae
2201 3398 2407 3467 rebus
2450 3398 2857 3468 necessariis

310 3507 556 3575 egere„
606 3485 754 3572 ejus
814 3486 1092 3555 miserta
1142 3487 1460 3574 inopiae,
1524 3486 1789 3567 oravit,
1842 3499 1919 3556 ut
1986 3485 2173 3575 apud
2224 3487 2446 3576 ipsam
2503 3487 2572 3554 in
2633 3499 2857 3556 castro

311 3573 760 3644 Malbodiensi
811 3586 1140 3655 maneret,
1169 3574 1301 3644 *ubi
1340 3573 1559 3661 major
1610 3588 1751 3644 tum
1794 3574 2120 3655 familiae,
2160 3588 2303 3644 tum
2336 3575 2853 3682 bonorumem·

312 3663 505 3731 nium
542 3663 740 3751 copia
763 3684 913 3732 esse
947 3662 1327 3732 videbatur.
1365 3667 1440 3731 At
1476 3664 1669 3732 beata
1699 3664 2181 3744 waldetrudiS,
2222 3664 2338 3734 cui
2369 3663 2679 3733 Christus
2710 3676 2858 3733 erat

311 3752 555 3827 vivere,
598 3765 663 3820 et
712 3752 884 3820 mori
936 3750 1233 3820 lucrum:
1268 3756 1513 3827 «Haec,
1545 3755 1788 3844 inquit,
1825 3775 2039 3833 soror,
2082 3754 2348 3838 requies
2385 3773 2533 3820 mea
2568 3752 2633 3820 in
2665 3773 2861 3822 secu-

312 3840 458 3910 lum
494 3840 744 3910 seculi:
782 3840 894 3908 hic
923 3840 1268 3920 habitabo,
1300 3841 1628 3926 quoniam
1662 3841 1897 3911 divina
1926 3841 2331 3932 disponente
2360 3840 2855 3920 misericordia,

310 3929 486 4019 elegi
535 3952 713 3998 eamr.
781 3928 912 4011 Qui
984 3929 1169 3997 enirn
1238 3929 1553 4018 promisit
1616 3952 1689 3999 se
1738 3930 2047 4000 futurum
2116 3950 2276 3999 cum
2340 3927 2665 3999 fidelibus
2714 3930 2861 3999 suis

311 4040 534 4104 usque
583 4018 652 4086 in
693 4018 899 4087 finem
942 4016 1180 4098 seculi,
1237 4039 1370 4086 non
1426 4018 1721 4108 patietur
1771 4040 1878 4088 me
1911 4041 1991 4088 ex
2041 4015 2275 4107 inopia
2324 4018 2708 4107 periculose
2763 4017 2862 4087 la-

317 4106 579 4188 borare,
633 4129 793 4176 cum
836 4106 1040 4175 etiam
1081 4107 1407 4196 propheta
1439 4106 1623 4176 dicat
1668 4129 1743 4177 se
1777 4109 2112 4188 senuisse,
2147 4127 2268 4175 nec
2309 4105 2563 4176 vidisse
2589 4107 2860 4194 justum

318 4191 749 4265 derelictum.
819 4195 966 4264 Tibi
1014 4207 1268 4274 autem,
1332 4217 1527 4266 soror
1589 4218 1775 4277 mea,
1831 4196 2143 4266 Christus
2190 4195 2521 4265 retribuat
2573 4218 2694 4285 pro
2745 4209 2861 4263 tua

315 4302 474 4371 erga
527 4304 633 4352 me
670 4285 967 4377 benigna
1016 4273 1396 4366 voluntate,
1441 4284 1765 4373 idemque
1814 4297 2144 4380 praestet,
2200 4297 2273 4354 ut
2320 4285 2734 4373 quandoque
2785 4284 2857 4351 in
