3347 4999
680 330 809 394 418
1253 345 1330 391 nr.
1377 345 1431 392 s.
1485 343 1785 392 commeo
1834 342 2135 392 Lomcaro
2186 343 2456 391 naemu
2814 325 2984 390 OCT.
3042 326 3135 391 ‹li›

587 454 730 502 uno
795 431 1008 501 ductu
1059 428 1365 516 quotidie
1414 429 1842 499 decantabat.
1887 455 1914 493 ι
1985 428 2242 518 Scripsi
2304 449 2512 517 super
2568 426 2695 497 boc
2742 438 2805 495 et
2852 428 2917 495 in
2967 427 3134 498 aliis

591 521 873 591 sortasse
919 517 1297 609 opusculis,
1347 539 1523 605 quae
1568 517 1670 586 vel
1719 517 1806 587 ad
1865 538 2188 607 praesens
2236 517 2506 597 desunt,
2582 515 2681 585 vel
2728 516 2930 586 facile
2978 537 3130 586 me-

592 610 852 680 moriae
883 629 1016 677 non
1060 618 1453 677 occurrunt.
1492 612 1729 693 Itaque
1765 606 1850 675 ab
1888 628 2125 675 eorum
2168 605 2626 695 replicatione,
2661 626 2838 693 quae
2870 606 3132 696 scripta

593 709 777 778 sunt,
832 697 914 766 ad
949 717 1126 765 nova
1173 696 1520 783 quaelibet
1549 696 1885 765 articulus
1922 694 2395 765 transferatur.

678 790 713 875 ξ
757 791 904 857 12.
960 785 1319 854 Enimvero
1366 784 1566 872 quasi
1604 784 1891 871 quidam
1940 784 2219 853 divinus
2290 784 2467 874 ignis
2518 784 2585 851 in
2648 781 2802 870 ejus
2854 796 3132 872 pectore

580 875 842 964 jugiter
901 873 1302 954 aestuabat,
1355 874 1475 960 qui
1525 894 1882 959 nunquam
1931 872 2383 1030 <imminebat
2452 892 2608 941 eum
2658 892 2698 940 a
2746 871 3143 962 spiritualis

588 963 889 1034 exercitii
941 963 1171 1031 labore
1218 961 1590 1049 quiescere.
1636 961 1922 1049 Aliquan
1980 986 2019 1031 o
2053 982 2351 1049 namque
2389 982 2547 1030 cum
2598 980 2724 1050 ego
2775 962 3135 1050 perquire-

594 1074 735 1123 rem
802 1063 1238 1122 sacrosancto
1285 1050 1397 1120 die
1447 1051 1782 1131 Paschali,
1836 1051 2119 1121 caeteris
2168 1050 2520 1129 fratribus,
2567 1049 2766 1136 juxta
2816 1070 3072 1119 morem
3107 1105 3125 1131 ,

591 1141 878 1211 meridie
924 1140 1464 1227 quiescentibus,
1513 1152 1753 1209 utrum
1788 1152 1852 1208 et
1899 1140 2047 1228 ipse
2083 1138 2472 1218 dormisset,
2527 1138 2643 1207 ait:
2698 1143 2965 1218 «Certe,
3008 1160 3135 1227 pa-

592 1244 714 1312 ter,
767 1230 905 1299 dixi
959 1232 1026 1297 in
1075 1228 1280 1298 corde
1331 1249 1520 1298 meo:
1567 1227 1742 1312 Quid
1792 1227 1988 1311 mihi,
2035 1241 2172 1298 tam
2237 1228 2460 1316 longis
2500 1226 2729 1296 adhuc
2770 1228 3125 1308 noctibus„

593 1319 662 1388 in
713 1319 823 1388 die
870 1317 1224 1388 dormire?
1261 1317 1570 1388 Extensis
1620 1318 1847 1403 itaque
1876 1317 1947 1385 in
1976 1316 2203 1387 crucis
2250 1315 2545 1405 effigiem
2579 1315 2904 1395 brachiis,
2945 1315 3135 1405 psal-

592 1408 840 1477 terium
882 1406 1121 1496 coepi:
1175 1411 1322 1489 Quo
1363 1428 1471 1475 me
1519 1406 1618 1476 sic
1659 1417 1880 1476 stante
1918 1405 2232 1487 decurso
2262 1406 2540 1495 signum
2582 1405 2894 1493 protinus
2918 1406 3132 1474 borae

590 1502 816 1567 Nonae
868 1495 1240 1585 personuit.
1295 1498 1434 1564 Hoc
1481 1494 1711 1580 itaque
1745 1495 1948 1565 modo
1989 1495 2221 1583 junxit
2270 1494 2623 1594 victorjam
2674 1492 2910 1584 Crucis
2958 1515 3125 1562 cum

591 1585 808 1675 gloria
869 1584 1413 1654 resurrectionis.
1463 1607 1497 1649 »
1545 1582 1925 1671 Aliquando
1971 1605 2130 1654 cum
2181 1582 2267 1652 de
2315 1581 2738 1670 quotidianis
2768 1636 2783 1663 ,
2834 1594 2914 1651 ut
2972 1603 3135 1651 mos

590 1687 714 1752 est,
770 1674 1060 1743 invicem
1121 1672 1727 1743 confabularemur
1774 1673 2123 1763 operibuS,
2177 1672 2305 1740 ait:
2360 1694 2397 1738 t(
2445 1676 2585 1741 Hac
2641 1673 2845 1740 etiam
2896 1682 3121 1751 nocte,

589 1762 757 1850 quid
802 1763 971 1831 mihi
1020 1761 1416 1861 contigerit,
1482 1761 1863 1831 manifesto.
1918 1767 2082 1831 Nam
2140 1761 2306 1830 dnm
2358 1760 2626 1830 solutus
2674 1781 2914 1850 sopore
2963 1780 3126 1828 sur—-

585 1852 754 1931 rexi,
812 1872 964 1920 mox
1007 1850 1307 1919 brachiis
1359 1850 1423 1917 in
1481 1850 1757 1919 modum
1805 1851 2033 1920 crucis
2080 1849 2375 1919 extensis
2426 1847 2824 1939 psalterium
2877 1847 3121 1938 coepi;

588 1961 886 2027 cumque
916 1938 1199 2029 psalmis
1226 1938 1576 2019 omnibus,
1616 1951 1680 2007 et
1702 1940 2016 2020 canticis,
2047 1960 2222 2025 quae
2264 1950 2667 2025 sequuntur,
2702 1937 3125 2026 hymnisque

590 2028 926 2105 decursis,
978 2048 1058 2095 eo
1109 2026 1239 2095 loci
1278 2028 1423 2117 jam
1475 2047 1720 2107 essem,
1775 2040 1851 2097 ut
1899 2027 2042 2097 solo
2089 2027 2463 2095 catholicae
2510 2025 2670 2094 fidei
2722 2025 3014 2115 psalmo,
3055 2037 3125 2094 et

587 2116 851 2186 litaniis
882 2115 1200 2184 deberem
1241 2127 1490 2185 cuncta
1521 2117 1954 2198 concludere,
1995 2115 2239 2185 incidit
2268 2115 2334 2183 in
2378 2124 2698 2194 mentem,
2734 2126 2811 2183 ut
2842 2115 3122 2183 interim

583 2205 720 2274 ista
767 2204 1205 2285 dimitterem,
1258 2226 1337 2274 ac
1390 2226 1508 2294 pro
1556 2203 1921 2287 defunctis,
1962 2204 2358 2295 psalterium
2395 2202 2854 2271 decantarem.
2897 2202 3126 2293 Igitur

585 2293 870 2362 brachia
921 2313 1060 2361 non
1104 2290 1477 2381 deponen5‚
1531 2293 1617 2361 ad
1650 2292 2134 2364 defunctorum
2186 2291 2583 2383 psalterium
2630 2290 2894 2372 transii,
2930 2292 3122 2379 quod

578 2381 775 2469 juxta
813 2402 1066 2450 morem
1119 2403 1238 2481 per
1276 2382 1800 2472 quinquagenos
1836 2381 2135 2472 psalmos
2186 2380 2444 2450 trifaria
2480 2380 2850 2449 lectionum
2905 2380 3122 2451 inter—

591 2469 932 2561 polatione
980 2469 1284 2540 distinxi.
1324 2474 1468 2554 Quo
1503 2470 1599 2542 sic
1637 2470 1925 2562 expleto,
1977 2471 2059 2541 ad
2118 2470 2182 2540 id
2236 2470 2573 2560 protinuS,
2627 2468 2808 2557 quod
2863 2469 3122 2539 omise-

589 2581 759 2639 ram,
815 2559 1009 2639 redii,
1063 2573 1265 2646 atque
1314 2560 1462 2640 hoc,
1516 2561 1700 2646 quod
1750 2560 1834 2630 de
1886 2561 2106 2650 primo
2169 2559 2488 2650 psalterio
2538 2558 2881 2645 reliquum
2941 2571 3116 2639 erat,

584 2648 868 2736 explevi.
925 2652 1228 2733 Cumque
1275 2647 1359 2716 de
1395 2649 1586 2717 tertio
1634 2661 2129 2735 consequenter
2166 2647 2628 2738 aggrediendo
2658 2646 2979 2737 psalterio
3004 2668 3121 2717 co-

585 2737 896 2827 gitarem,
955 2736 1410 2816 benefactum,
1458 2749 1532 2805 ut
1575 2737 1662 2806 ita
1707 2737 2019 2818 dixerim,
2089 2737 2361 2827 signum
2416 2750 2688 2826 repente
2737 2748 3118 2806 nocturnae

582 2827 860 2914 synaxis
912 2825 1238 2906 insonuit,
1276 2824 1455 2912 quod
1497 2846 1601 2894 me
1626 2826 1953 2915 depositis
1986 2826 2171 2895 ulnis
2216 2824 2529 2895 Officium
2581 2849 2739 2895 cum
2784 2825 3119 2894 fratribus

582 2914 924 3014 celebrare
970 2914 1230 3004 coegit;
1281 2926 1345 2983 et
1393 2926 1571 2983 certe
1629 2915 1857 2984 nescio
1912 2936 2048 3003 quo
2095 2915 2260 2983 anni
2316 2928 2614 3003 tempore
2677 2925 2909 2983 noctes
2960 2913 3117 2983 bre-

583 3024 800 3072 viores
846 3015 1063 3071 erant.
1102 3025 1137 3068 »

668 3093 703 3177 ξ
749 3093 897 3164 18.
951 3091 1332 3178 Aliquantis
1383 3112 1584 3181 porro
1631 3104 1787 3160 ante
1834 3091 2094 3161 obitum
2147 3092 2373 3173 annis,
2410 3089 2606 3178 quasi
2654 3112 2905 3160 novum
2942 3113 3117 3180 sup-

582 3178 771 3268 plicii
822 3201 1039 3269 genus
1089 3180 1467 3260 inveniens,
1527 3180 1875 3270 virgarum
1913 3202 2154 3271 scopas
2196 3181 2262 3248 in
2306 3180 2761 3269 corrigiarum
2812 3179 3119 3248 scuticas

577 3269 799 3346 vertit,
857 3266 1205 3354 semelque
1253 3281 1545 3358 gustato,
1598 3270 1763 3356 quia
1811 3269 2123 3339 duriores
2171 3281 2368 3349 sunt,
2423 3269 2493 3336 in
2546 3268 2653 3338 his
2705 3267 3111 3337 verberandi

581 3354 1148 3424 consuetudinem
1201 3360 1451 3446 posuit.
1506 3362 1645 3428 Hoc
1695 3357 2068 3447 flagellum,
2126 3358 2184 3426 si
2230 3357 2506 3445 quando
2553 3380 2587 3425 e
2644 3357 2986 3426 rederetur
3018 3355 3109 3425 ad

580 3443 918 3523 seculum,
975 3444 1283 3531 portabat
1334 3446 1400 3515 in
1451 3445 1635 3526 sinu,
1692 3459 1765 3516 ut
1812 3445 2234 3532 ubicumque
2281 3467 2436 3514 eum
2480 3446 2592 3536 jac
2641 3467 2709 3515 re
2756 3444 3113 3534 continge-

582 3545 705 3611 ret,
755 3552 794 3600 a
842 3533 1237 3601 verberibus
1288 3555 1421 3603 non
1474 3547 1763 3604 vacaret.
1814 3534 2194 3622 Aliquando
2244 3555 2398 3604 vero
2450 3557 2609 3603 cum
2661 3534 2790 3603 loci
2837 3534 3113 3604 occasio

580 3641 716 3688 non
761 3620 1110 3711 praeberet
1141 3633 1353 3690 totum
1404 3644 1474 3691 se
1525 3645 1721 3712 posse
1769 3644 2036 3701 exuere,
2077 3644 2197 3713 per
2228 3645 2427 3693 crura
2456 3623 2694 3693 saltem
2727 3634 2792 3691 et
2814 3621 3105 3703 femora,

579 3727 701 3798 per
760 3723 968 3799 caput
1014 3723 1214 3796 atque
1261 3710 1617 3791 cervicem,
1669 3733 1819 3781 sese
1864 3733 2000 3781 non
2053 3712 2365 3783 cessabat
2412 3712 2734 3803 affligere.
2814 3710 3109 3782 Circulis

574 3819 846 3884 quoque
886 3796 1121 3866 ferreis
1159 3810 1499 3885 quatuor,
1554 3800 1719 3887 quia
1766 3801 1896 3869 sibi
1951 3822 2111 3890 prae
2161 3800 2362 3892 longa
2413 3800 2909 3872 consuetudine
2958 3799 3102 3883 iam

575 3886 937 3968 viluerant,
990 3899 1284 3974 quatuor
1332 3887 1511 3958 idem
1564 3889 2064 3979 superaddidit,
2119 3903 2195 3959 ut
2240 3890 2513 3960 duobus
2564 3890 2630 3958 in
2678 3889 2887 3970 coxiS,
2930 3887 3109 3958 duo·

574 3976 705 4045 bus
752 3990 1246 4062 consequenter
1293 3977 1363 4046 in
1414 3977 1737 4047 cruribus
1785 3978 2258 4068 stringeretur.
2298 3979 2657 4048 Enimvero
2692 3977 2998 4060 loricam,
3038 3989 3107 4046 et

572 4064 825 4150 quibus
859 4066 1199 4142 utebatur,
1235 4078 1580 4154 tamquam
1611 4067 1880 4147 ciliciis,
1927 4066 2026 4136 vel
2062 4066 2255 4136 lanea
2290 4066 2632 4155 quaelibet
2664 4066 3100 4146 indumenta,

576 4165 727 4243 post
776 4175 1064 4236 menses,
1118 4155 1258 4223 sive
1294 4169 1442 4239 post
1491 4155 1787 4245 spatium
1844 4155 2177 4247 prolixius
2223 4156 2563 4238 abluebat,
2601 4169 2675 4226 ut
2705 4154 3103 4244 rubiginem

572 4242 1013 4331 deponerent,
1050 4255 1114 4312 et
1162 4243 1374 4315 aridis
1422 4245 1867 4335 ingerendam
1920 4246 2249 4315 membris
2296 4245 2651 4315 uredinem
2704 4266 2838 4314 non
2891 4243 3106 4312 habe-

576 4343 746 4400 rent.
800 4335 1005 4400 Porro
1079 4346 1305 4402 autem
1356 4356 1512 4403 cum
1574 4355 1814 4403 omnes
1861 4334 1981 4421 qui
2030 4335 2098 4403 in
2150 4333 2419 4405 cellulis
2469 4334 2909 4415 habitamuS,
2966 4333 3104 4402 hoc

573 4420 988 4501 laboremuS,
1033 4433 1107 4491 ut
1138 4443 1258 4511 pro
1309 4422 1707 4494 muniendis
1755 4446 1793 4494 a
1842 4423 2092 4515 frigore
2128 4423 2418 4515 pedibus
2449 4424 2849 4495 vestimenta
2874 4444 3107 4510 usque
