3347 4999
728 306 749 367 t
772 306 849 367 ἶιε
1939 271 1942 276 ’
2255 319 2265 327 ·
2907 301 3085 367 OCT.
3143 303 3190 367 4

1003 506 1447 607 BEflTlSS.
1518 504 2052 605 FRANClSCl
2138 502 2817 606 CONFESSORlS

1255 692 1631 816 ominus
1670 691 1959 758 iumen.
2049 691 2558 758 FUNDAToms

1747 874 2075 952 VITA

1345 1043 2479 1092 AUCTORES.BONAVENTURA

1436 1187 1636 1256 migr.
1672 1202 1851 1243 anno
1881 1189 2039 1244 1226
2056 1188 2384 1243 —Italua.

1028 1418 1399 1484 ALOISIUS
1451 1416 1916 1483 LIPOMANUS
1967 1417 2218 1482 EPISC.
2275 1417 2806 1493 VERONENSIS,

1652 1539 1786 1605 PIO
1836 1539 2180 1606 LECTORI

720 1699 895 1770 Eam,
940 1715 1095 1777 quae
1155 1701 1474 1778 sequitur,·
1512 1699 1631 1759 divi
1697 1697 2000 1760 Francisci
2058 1700 2245 1760 vitam
2300 1699 2512 1760 beatus
2564 1697 2666 1758 ille
2719 1696 3199 1770 Bonaventura,

640 1789 879 1842 sanctae
931 1778 1241 1840 Romanae
1300 1778 1598 1841 Ecclesiae
1628 1776 1977 1847 ,Cardinalis
2018 1788 2080 1840 et
2124 1778 2446 1857 Episcopus
2490 1777 2880 1849 Albanensis,
2939 1778 3193 1840 Franci·

640 1861 802 1923 scani
845 1858 1109 1920 Instituti
1155 1874 1278 1921 non
1321 1858 1519 1921 solum
1561 1864 1853 1930 sectator,
1901 1873 2120 1919 verum
2170 1866 2231 1920 et
2272 1860 2646 1920 instaurator
2690 1865 2754 1918 et
2798 1866 2997 1919 rector
3031 1903 3047 1929 ‚
3096 1860 3200 1921 vir

646 1947 709 2001 in
755 1940 983 2000 divinis
1022 1938 1346 2015 scripturis
1385 1937 1862 2011 eruditissimus,
1904 1942 1965 1999 et
2007 1939 2167 2000 vitae
2208 1940 2526 1999 sanctitate
2548 1938 2932 2014 conspicuus,
2958 1936 3033 1999 de
3115 1955 3200 2000 uo

644 2026 993 2097 praeceptor
1034 2017 1165 2095 ejus
1196 2016 1538 2080 Alexander
1568 2019 1641 2080 de
1671 2016 1871 2090 Hales,
1896 2017 2099 2079 dicere
2121 2015 2380 2079 solebat:
2407 2016 2473 2078 in
2503 2016 2949 2079 Bonavcutura
2992 1955 3200 2080 Αιὲαηι

642 2113 915 2177 peccasse
954 2113 1076 2159 non
1114 2096 1380 2159 videtur:
1427 2112 1579 2175 puro
1621 2113 1690 2159 ac
1731 2096 1991 2176 simplici
2038 2096 2195 2176 stylo
2236 2096 2591 2176 descripsit,
2639 2104 2803 2158 tanta
2847 2106 3050 2158 autem
3103 2113 3200 2158 re-

648 2194 788 2239 rum
833 2177 1004 2255 copia
1047 2183 1108 2238 et
1148 2178 1589 2238 sententiarum
1635 2179 1938 2252 gravitate
1982 2175 2295 2249 refertam,
2344 2184 2410 2238 ut
2455 2184 2614 2236 totus
2644 2174 2908 2237 mundus
2940 2178 3071 2254 ejus
3103 2175 3196 2238 le·

645 2261 845 2318 ctione
891 2257 1110 2316 instrui
1155 2256 1372 2333 possit,
1427 2264 1487 2318 et
1539 2256 1608 2317 ad
1662 2273 1939 2319 amorem
1984 2256 2090 2317 Dei
2136 2273 2243 2336 per
2287 2255 2444 2318 beati
2489 2255 2789 2320 Francisci
2835 2255 3195 2334 exemplum

647 2338 993 2398 instaurari.
1038 2334 1189 2411 Ege,
1236 2343 1301 2397 ut
1346 2351 1563 2397 verum
1607 2335 1819 2410 fatear,
1863 2351 2003 2398 cum
2047 2335 2349 2407 Francisci
2393 2337 2590 2400 vitam
2634 2334 2795 2410 lego,
2825 2348 2945 2396 non
2988 2334 3192 2397 solum

644 2414 967 2488 accendor,
1012 2415 1116 2475 sed
1170 2418 1232 2476 in
1286 2415 1414 2492 ejus
1455 2414 1853 2478 meditatione
1898 2422 2058 2476 totus
2101 2414 2452 2489 exardesco,
2503 2419 2709 2492 utpote
2754 2414 2817 2474 in
2860 2429 2982 2491 quo
3028 2421 3195 2476 tanta

645 2495 839 2557 divini
882 2495 1109 2558 amoris
1150 2495 1391 2559 claritas
1432 2493 1770 2567 effulserit,
1826 2505 1891 2558 ut
1945 2495 2212 2576 Angelus
2271 2497 2499 2572 potius,
2544 2501 2728 2569 atoue
2780 2509 2855 2555 ex
2907 2509 3201 2573 supremo

648 2575 905 2649 ordine,
948 2576 1048 2656 qui
1101 2577 1286 2637 ardor
1334 2582 1398 2639 et
1450 2577 1808 2637 incendium
1849 2576 2108 2649 dicitur,
2158 2576 2350 2652 magis
2402 2591 2586 2654 quam
2633 2574 2815 2635 homo
2858 2574 2973 2639 dici
3025 2590 3203 2651 posse

647 2655 937 2718 videatur.
982 2655 1235 2731 Semper
1276 2658 1445 2718 enim
1489 2654 1873 2717 beatissimus
1927 2656 2042 2716 iste
2083 2656 2454 2732 cogitatione
2495 2656 2557 2716 in
2602 2654 2767 2716 coelo
2809 2652 3192 2725 versabatur,

648 2750 887 2812 semper
928 2736 1073 2798 felix
1117 2732 1248 2810 eJus
1288 2736 1494 2796 anima
1536 2750 1776 2797 summo
1817 2735 2048 2798 auctori
2095 2735 2420 2813 purissime
2450 2743 2512 2796 et
2548 2733 2956 2796 intensissime
2981 2734 3201 2797 inbae-

648 2814 838 2885 rebat,
868 2816 1016 2877 adeo
1060 2820 1127 2875 ut
1169 2830 1312 2894 prae
1353 2815 1574 2876 amoris
1617 2815 2072 2891 magnitudine,
2116 2830 2258 2893 prae
2303 2831 2394 2887 ea,
2439 2829 2623 2892 quam
2669 2815 2836 2874 intus
2878 2813 3194 2888 gustabat,

646 2893 969 2956 dulcedine
992 2896 1180 2973 (quod
1216 2892 1564 2956 hominibus
1603 2894 2022 2955 ardentissime
2064 2893 2408 2955 amantibus
2449 2894 2810 2970 contingere
2850 2891 3030 2966 solet)
3059 2892 3206 2955 alie-

652 2981 826 3035 natus
870 2991 900 3036 a
945 2973 1254 3045 sensibus,
1298 2982 1478 3052 atque
1530 2982 1702 3036 extra
1759 2988 1821 3034 se
1871 2988 1999 3034 esse
2049 2973 2382 3036 videretur.
2436 2972 2670 3035 Accede
2714 2979 2775 3033 et
2807 2978 2898 3040 tu,
2932 2971 3204 3045 benigne

651 3052 868 3126 lector,
912 3053 1125 3115 accede
1167 3054 1239 3117 ad
1283 3061 1559 3115 sanctum
1606 3053 1816 3128 ignem
1871 3054 2097 3114 istum:
2143 3062 2310 3114 certo
2353 3054 2510 3127 scio,
2557 3049 2811 3114 calesces
2856 3050 2986 3127 plus
3029 3053 3200 3113 satis.

650 3132 763 3194 Sed
803 3131 927 3211 jam
974 3134 1173 3211 ipsum
1218 3132 1278 3195 S.
1314 3132 1810 3193 Bonaventuram
1845 3133 2010 3194 audi.

1442 3322 1522 3387 IN
1574 3321 1821 3388 VITAM
1874 3323 1942 3388 S.
1998 3322 2419 3390 FRANCISCI

1233 3480 2624 3531 PROLOGUSBEATIBONAVENTURAE
2700 3480 2708 3487 ’

742 3605 778 3689 ἓ
823 3608 900 3675 1.
955 3601 1286 3693 Apparuit
1334 3603 1552 3693 gratia
1602 3602 1721 3671 Dei
1770 3602 2138 3673 Salvatoris
2192 3602 2411 3675 nostri
2458 3601 2705 3674 diebus
2756 3603 2908 3675 istis
2973 3604 3213 3674 novis-

657 3692 853 3761 simis
906 3691 973 3760 in
1019 3696 1221 3761 Servo
1271 3713 1395 3763 suo
1465 3690 1851 3773 Francisco‚
1905 3691 2233 3762 omnibus
2290 3713 2444 3762 vere
2499 3690 2884 3763 humilibus
2932 3704 2997 3762 et
3051 3714 3216 3764 san·

657 3792 803 3850 ctae
840 3780 1261 3870 paupertatis
1293 3779 1562 3861 amicis,
1616 3780 1736 3867 qui
1777 3779 2384 3869 superaffluentem
2418 3780 2491 3850 in
2525 3801 2604 3851 eo
2646 3780 2760 3850 Dei
2811 3780 3215 3852 misericor-

659 3868 844 3938 diam
880 3880 1302 3950 venerantes,
1343 3867 1364 3936 i
1420 3868 1566 3939 sius
1604 3866 2024 3939 erudiuntur
2070 3868 2405 3959 exemplo,
2446 3868 2868 3961 impietatem
2903 3881 2969 3939 et
3009 3891 3219 3941 secu-

658 3957 832 4026 laria
857 3956 1196 4027 desideria
1228 3956 1347 4027 sun
1407 3957 1544 4028 itus
1580 3958 1947 4048 abnegare,
1979 3956 2243 4028 Christo
2270 3956 2713 4028 conformiter
2735 3958 2983 4039 vivere,
3017 3972 3085 4028 et
3118 3958 3213 4029 ad

657 4044 924 4116 beatam
961 4068 1152 4135 spem
1196 4046 1537 4116 desiderio
1570 4044 1912 4117 indefesso
1943 4046 2156 4116 sitire.
2191 4051 2264 4116 In
2304 4047 2535 4137 ipsum
2573 4068 2897 4135 namque,
2941 4059 3021 4117 ut
3055 4069 3223 4117 vere

660 4134 1163 4224 pauperculum
1216 4147 1281 4204 et
1325 4135 1724 4215 contritum,
1768 4145 1956 4204 tanta
2005 4140 2180 4205 Deus
2222 4134 2532 4207 excelsus
2563 4134 3010 4226 benignitatis
3045 4158 3223 4207 con-

661 4222 1107 4294 descensione
1138 4223 1455 4314 respexit,
1494 4223 1675 4311 quod
1715 4244 1851 4292 non
1886 4222 2109 4294 solum
2140 4223 2225 4294 de
2252 4223 2632 4295 mundialis
2670 4225 3226 4296 conversationis

665 4310 942 4401 pulvere
974 4311 1330 4383 suscitavit
1361 4313 1656 4403 egenum
1692 4366 1707 4394 ,
1763 4333 1998 4382 verum
2048 4312 2251 4384 etiam
2296 4313 2742 4405 Evangelicae
2771 4312 3226 4404 perfectionis

661 4399 1142 4490 professorem,
1196 4400 1446 4472 ducem
1496 4412 1701 4489 atque
1750 4422 2157 4491 praeconem
2205 4402 2559 4486 effectum,
2614 4402 2682 4473 in
2744 4401 2970 4474 lucem
3021 4402 3227 4474 dedit

2417 4514 2440 4539 Ο
