3347 4999
162 335 340 401 oc'r.
397 336 436 401 3
2545 335 2614 399 81
2701 319 2706 428 j

874 522 993 642 DE
1066 520 1471 622 DUOBUS
1550 521 2016 621 EWALDlS

642 743 1333 809 PRESBYTERIS
1406 744 1519 844 ΕΤ
1587 744 2239 810 MARTYRIBUS

366 943 473 1006 Eoe
522 940 770 1007 Hz'stor.
824 939 1100 1026 Anylor.
1166 937 1572 1006 Venerabilis
1621 937 1865 1016 Bedae,
1926 938 2038 1005 lib.
2093 949 2157 1018 5,
2213 960 2358 1028 cap.
2421 950 2519 1006 11.

727 1139 1038 1194 Exeunte
1068 1151 1241 1194 eaeo.
1272 1137 1405 1192 VII
1435 1165 1510 1179 -
1538 1136 1833 1194 Natione
1859 1137 2162 1194 Hiberni.

261 1325 297 1410 ξ
344 1328 421 1394 1.
478 1326 557 1390 Ut
603 1332 831 1389 autem
884 1319 1051 1388 vidit
1102 1319 1203 1387 vir
1251 1318 1520 1387 Domini
1572 1318 1941 1418 EgbertuS,
1996 1319 2157 1406 quia
2226 1341 2348 1388 nec
2415 1321 2564 1409 ipse
2633 1321 2720 1390 ad

174 1409 719 1502 praedicandum
772 1408 1094 1497 gentibus
1146 1407 1374 1478 venire
1424 1406 1971 1496 permittebatur,
2027 1420 2332 1477 retentus
2379 1411 2467 1478 ob
2515 1408 2722 1479 aliam

182 1513 452 1570 *anctae
494 1497 833 1568 Ecclesiae
881 1496 1271 1576 utilitatem,
1327 1495 1411 1564 de
1459 1517 1596 1583 qua
1630 1496 1914 1567 oraculo
1949 1496 2169 1565 fuerat
2208 1498 2720 1586 praemonitus;

225 1612 300 1659 ec
352 1588 744 1666 WitbertuS,
810 1584 964 1655 illas
1012 1584 1384 1654 deveniens
1435 1585 1505 1653 in
1555 1599 1810 1674 parteS‚
1865 1585 2241 1672 quicquam
2296 1585 2719 1675 proficiebat,

178 1678 459 1749 tentavit
506 1675 735 1744 adhuc
784 1675 853 1742 in
906 1696 1081 1762 opus
1133 1672 1317 1743 verbi
1369 1673 1635 1743 mittere
1687 1673 1867 1743 viros
1917 1686 2190 1744 sanctos
2219 1686 2283 1743 et
2316 1673 2721 1756 industriOS,

173 1771 245 1837 in
299 1766 553 1853 quibus
602 1762 898 1832 eximius
948 1761 1380 1832 wilbrordus
1430 1762 1840 1852 presbyterii
1871 1761 2096 1852 gradu
2144 1774 2208 1831 et
2257 1763 2499 1833 merito
2533 1787 2729 1853 prae-

176 1855 508 1945 tulgebat.
562 1851 693 1935 Qui
741 1873 899 1920 cum
954 1851 1071 1919 illo
1119 1851 1561 1922 advenissent
1590 1851 1817 1942 (erant
1850 1863 2079 1922 autem
2130 1873 2419 1922 numero
2467 1851 2727 1924 duode-

177 1944 371 2032 cim),
426 1942 837 2010 divertentes
883 1940 970 2009 ad
1021 1940 1345 2029 Pipinum
1399 1945 1653 2010 Ducem
1718 1944 2187 2019 Francorum,
2243 1953 2596 2031 gratanter
2641 1942 2729 2011 ab

181 2033 302 2101 illo
351 2029 654 2119 suscepti
686 2041 887 2098 sunt:
925 2043 989 2099 et
1020 2029 1183 2115 quia
1217 2050 1441 2117 nuper
1473 2028 1857 2099 citeriorem
1903 2029 2216 2110 Frisiam,
2256 2030 2541 2119 expulso
2568 2030 2731 2100 inde

186 2118 515 2191 Radbodo
567 2138 720 2206 rege
755 2172 770 2197 ,
822 2131 1145 2208 ceperat,
1218 2116 1336 2186 illo
1385 2139 1500 2188 eos
1559 2117 1645 2186 ad
1702 2117 2244 2207 praedicandum
2314 2119 2521 2189 misit.
2576 2124 2732 2210 Ipse

182 2229 458 2297 quoque
508 2204 848 2305 imperiali
898 2207 1300 2276 auctoritate
1325 2206 1601 2290 juvans,
1644 2228 1731 2276 ne
1760 2206 1919 2294 quis
1956 2206 2513 2295 praedicantibus
2539 2209 2731 2295 quic-

186 2320 395 2385 quam
450 2295 799 2364 molestiae
847 2295 1150 2376 inferret,
1206 2294 1581 2381 multisque
1627 2316 1767 2376 eos,
1807 2295 1928 2382 qui
1963 2296 2169 2364 fidem
2205 2297 2557 2386 suscipere
2591 2295 2730 2367 vel·
2842 2343 2848 2348 -

188 2389 353 2466 lent,
410 2383 762 2455 beneficiis
809 2384 1151 2454 attollens.
1209 2383 1400 2453 Unde
1447 2384 1705 2453 factum
1748 2398 1872 2465 est,
1927 2383 2308 2474 opitulante
2357 2386 2577 2476 gratia
2625 2386 2734 2455 di-

189 2478 390 2555 vina,
445 2487 520 2545 ut
581 2470 836 2543 multos
900 2475 969 2543 in
1035 2472 1245 2566 brevi·
1283 2472 1370 2543 ab
1435 2471 1823 2543 idololatria
1871 2472 1955 2543 ad
2009 2472 2214 2543 fidem
2266 2487 2736 2546 converterent

188 2565 459 2635 Christi.

274 2656 311 2741 ξ
363 2658 450 2723 2.
506 2656 768 2723 Horum
819 2652 1038 2722 secuti
1073 2651 1387 2751 exempla
1420 2651 1560 2722 duo
1598 2650 1884 2737 quidam
1926 2652 2309 2742 presbyteri
2344 2652 2428 2722 de
2461 2654 2739 2723 natione

185 2741 559 2832 Anglorum
595 2794 610 2822 ,
676 2742 796 2829 qui
870 2742 936 2809 in
989 2741 1340 2829 Hybernla
1391 2740 1611 2810 multo
1661 2752 1969 2829 tempore
2020 2763 2143 2830 pro
2191 2753 2466 2811 aeterna
2518 2742 2740 2832 patria

182 2831 685 2911 exsulaverant,
739 2841 1071 2899 venerunt
1109 2828 1194 2897 ad
1244 2829 1670 2919 provinciam
1715 2829 2164 2916 antiquorum
2200 2834 2543 2899 Saxonum
2573 2830 2631 2908 *,
2678 2831 2737 2899 si

182 2919 354 2990 forte
393 2919 664 3006 aliquos
698 2918 955 2989 ibidem
1011 2917 1473 3008 praedicando
1508 2918 1774 2988 Christo
1808 2917 2165 3006 acquirere
2202 2930 2500 3008 possent.
2535 2924 2742 2989 Erant

182 3023 414 3079 autem
470 3007 682 3077 unius
743 3007 948 3078 ambo
1014 3007 1194 3078 sicut
1252 3007 1683 3087 devotionis,
1738 3007 1838 3075 sic
1904 3007 2110 3075 etiam
2173 3006 2511 3076 vocabuli.
2568 3013 2741 3077 Nam

183 3111 475 3183 uterquc
520 3118 759 3166 eorum
810 3118 852 3166 a
908 3095 1295 3184 pellabatur
1343 3095 1700 3167 Ewaldus:
1755 3117 1830 3163 ea
1886 3108 2110 3164 tamen
2162 3095 2623 3172 distinctione,
2664 3109 2740 3165 ut

188 3208 312 3276 pro
361 3186 631 3255 diversa
678 3185 859 3274 capil
893 3206 1091 3255 orum
1143 3185 1395 3275 specie,
1450 3207 1636 3254 unus
1689 3184 1907 3283 niger,
1961 3182 2133 3254 alter
2164 3183 2390 3268 albus,
2427 3184 2743 3255 Ewaldus

181 3275 555 3345 diceretur.
608 3278 912 3356 Quorum
964 3286 1251 3361 uterque
1301 3274 1547 3362 pietate
1595 3271 1954 3361 religionis
2001 3272 2339 3353 imbutus,
2381 3273 2499 3344 sed
2542 3274 2745 3365 niger

184 3361 506 3433 Ewaldus
555 3363 777 3453 magis
826 3384 1183 3433 sacrarum
1236 3362 1619 3432 litterarum
1671 3373 1818 3430 erat
1847 3361 2138 3431 scientia
2171 3362 2582 3434 instructus.
2614 3363 2746 3447 Qui

184 3453 537 3522 venientes
585 3450 655 3519 in
709 3451 1159 3541 provinciam,
1198 3452 1626 3521 intraverunt
1660 3449 2042 3539 hospitium
2084 3451 2455 3540 cujusdam
2495 3451 2736 3531 villici,

184 3540 671 3632 petieruntque
718 3541 805 3609 ab
852 3562 955 3620 eo,
1000 3551 1076 3610 ut
1112 3539 1740 3611 transmitterentur
1787 3539 1873 3608 ad
1925 3553 2299 3630 satrapam,
2358 3540 2480 3628 qui
2534 3563 2746 3631 super

180 3652 305 3700 eos
343 3640 511 3707 erat,
567 3649 644 3697 eo
691 3628 875 3716 quod
927 3628 1258 3699 haberent
1305 3626 1570 3716 aliquid
1607 3627 1972 3718 legationis
2005 3641 2071 3697 et
2110 3651 2363 3700 causae
2397 3628 2741 3710 utilitatis,

181 3717 377 3807 quod
425 3715 749 3786 deberent
796 3717 881 3786 ad
932 3716 1132 3787 illum
1187 3716 1507 3807 perferre.
1554 3721 1698 3786 Non
1733 3717 1922 3786 enim
1956 3717 2211 3788 habent
2242 3724 2496 3809 Regem
2535 3718 2742 3789 iidem

184 3805 460 3913 antiqui
512 3807 844 3886 Saxones,
889 3805 1009 3875 sed
1060 3818 1373 3895 satrapas
1425 3804 1765 3895 plurimos
1814 3828 1982 3876 suae
2031 3808 2219 3897 genti
2272 3808 2740 3898 praepositos:

185 3898 310 3985 qui
362 3908 724 3984 ingruente
770 3893 935 3964 belli
982 3894 1275 3965 articulo
1326 3893 1607 3964 mittunt
1646 3895 2027 3984 aequaliter
2074 3908 2292 3967 sortes
2324 3950 2340 3977 ,
2394 3909 2459 3965 et
2507 3919 2750 3985 quem-

188 4004 493 4071 cumque
538 4004 688 4053 sors
736 3982 1158 4061 ostenderit,
1212 3983 1401 4054 hunc
1467 3998 1772 4073 tempore
1822 3984 1988 4054 belli
2039 3989 2294 4055 Ducem
2345 4004 2590 4058 omnes
2640 4007 2751 4055 se-

188 4084 530 4161 quuntur,
586 4084 651 4142 et
699 4071 863 4141 huic
912 4071 1410 4161 obtemperant.
1465 4077 1746 4143 Peracto
1795 4084 2028 4142 autem
2077 4072 2284 4154 bello,
2324 4096 2602 4143 rursum
2637 4095 2751 4145 ae-

193 4159 424 4250 qualis
473 4160 816 4250 potentiae
863 4181 1104 4230 omnes
1152 4160 1333 4231 fiunt
1381 4174 1725 4252 satrapae.
2703 4179 2706 4182 ’

287 4257 325 4331 ἓ
373 4253 463 4321 3.
522 4249 839 4339 Suscepit
884 4270 1047 4340 ergo
1094 4271 1211 4320 eos
1267 4248 1542 4320 villicus
1573 4306 1589 4331 ,
1644 4262 1710 4320 et
1758 4251 2167 4340 promittens
2206 4273 2278 4321 se
2320 4250 2753 4322 mittereeos

199 4338 284 4407 ad
334 4350 679 4428 satrapam
714 4393 729 4421 ‚
783 4338 904 4425 qui
972 4360 1183 4429 super
1245 4361 1317 4410 se
1377 4351 1567 4419 erat,
1622 4352 1700 4410 ut
1768 4339 2132 4437 petebant,
2195 4340 2459 4427 aliquot
2506 4339 2753 4412 diebus

253 4465 276 4491 *
304 4464 588 4542 Hodiernam
605 4465 952 4517 westphntam.

367 4548 607 4606 surius
636 4578 659 4591 ·
699 4546 868 4608 Vitae
895 4544 999 4610 SS.
1033 4578 1056 4593 ·
1086 4546 1222 4609 Vol.
1255 4545 1323 4607 X.
2559 4544 2597 4605 6
