3347 4999
718 279 847 343 608
1465 295 1542 341 nn
1591 294 1644 340 s.
1689 291 2033 341 muamus
2080 294 2319 341 Annus
2850 277 3026 343 OCT.
3075 280 3148 343 21

633 400 988 467 nunquam
1039 377 1264 449 locum
1315 377 1465 466 ejus
1510 377 1819 447 cubiculi
1886 378 2189 447 invenire
2257 391 2645 468 potuerunt.
2714 383 2918 449 Porro
2976 379 3162 450 clara

632 469 786 539 luce
821 479 1084 558 reperto
1119 487 1351 556 puerO,
1396 466 1592 554 quasi
1631 488 1751 556 per
1772 467 2009 555 jocum
2040 490 2054 533 ε
2109 489 2144 532 «
2179 468 2354 549 Quid
2382 523 2397 550 ,
2452 467 2801 554 inquiunt,
2854 467 3108 538 faceres
3138 525 3156 551 ,

633 558 692 627 si
741 557 1037 626 latrones
1085 555 1168 624 ad
1213 568 1274 625 te
1316 556 1740 624 venirent‘P»
1796 555 2060 638 Quibus
2109 555 2226 625 ille
2273 556 2664 645 respondit:
2710 581 2735 619 c
2782 557 3019 626 Nudus
3066 558 3163 627 la-

635 660 861 716 trones
895 666 1031 715 non
1076 645 1287 713 timet.
1318 668 1353 710 »
1389 649 1466 713 Et
1500 644 1642 713 illi:
1699 667 1734 710 «
1765 647 1972 725 Certe,
2008 645 2227 734 ajunt,
2279 645 2497 714 occidi
2537 659 2808 735 potes.»
2833 670 2975 713 —«
3008 652 3164 717 Pos-

632 756 786 806 sum
820 789 835 816 ‚
901 733 1150 820 inquit,
1205 755 1526 822 possum;
1578 746 1642 802 et
1690 732 1842 803 ideo
1905 732 2201 803 latrones
2252 755 2384 802 non
2434 735 2639 804 timeo
2674 789 2689 813 ,
2742 736 2941 822 quasi
2992 736 3165 805 mori

636 836 916 913 paratus
956 846 1138 892 sum.
1170 845 1206 889 »
1248 827 1435 892 Tunc
1468 821 1788 891 admirati
1823 822 2278 893 constantiam
2313 823 2463 912 ejus
2501 836 2566 892 et
2617 822 2819 892 fidem
2870 822 3165 893 confessi

632 924 796 981 sunt
836 911 1053 981 noctis
1085 932 1382 980 errorem
1412 964 1427 992 ,
1487 922 1930 998 caecatosque
1986 911 2225 981 oculos
2251 964 2272 991 ‚
2327 912 2797 982 correctiorem
2841 912 3165 1002 deinceps

634 1001 834 1070 vitam
875 999 1294 1089 pollicentes,

721 1097 759 1171 ἓ
805 1092 882 1160 2.
937 1088 1188 1179 Viginti
1235 1102 1300 1157 et
1346 1087 1521 1157 duos
1558 1088 1705 1179 jam
1770 1088 1839 1156 in
1905 1087 2276 1157 solitudine
2333 1087 2626 1157 habebat
2683 1110 2925 1169 annOS,
2979 1087 3165 1159 fama

631 1188 894 1248 tantum
948 1192 1152 1247 notus
1205 1176 1527 1247 omnibus
1558 1232 1574 1259 ,
1616 1190 1683 1246 et
1731 1198 1850 1268 per
1885 1188 2054 1245 totas
2102 1176 2521 1246 Palaestinae
2563 1176 2881 1267 vulgatus
2928 1179 3158 1260 urbeS,

629 1288 788 1336 cum
841 1266 1108 1336 interim
1166 1265 1412 1335 mulier
1458 1265 1792 1353 quaedam
1847 1263 2515 1355 Eleutheropolitana
2564 1265 2643 1346 ⁴²,
2712 1288 3001 1335 cernens
3046 1266 3166 1336 de-

630 1354 894 1445 spectui
921 1376 994 1424 se
1032 1354 1269 1424 haberi
1309 1376 1347 1423 a
1389 1354 1531 1424 viro
1555 1355 1642 1424 ob
1677 1354 2096 1423 sterilitatem
2135 1359 2299 1442 (jam
2335 1354 2518 1423 enim
2556 1377 2677 1443 per
2705 1377 2924 1424 annos
2963 1356 3168 1442 quin-

629 1444 847 1513 decim
888 1443 1116 1513 nullos
1147 1443 1446 1533 conjugii
1489 1442 1753 1512 fructus
1785 1441 2116 1531 dederat),
2166 1444 2387 1533 prima
2428 1442 2815 1533 irrumpere
2858 1466 3029 1512 ausa
3060 1456 3165 1515 est

628 1534 717 1602 ab
766 1534 1038 1602 beatum
1099 1532 1515 1600 Hilarionem
1550 1586 1565 1614 ,
1617 1545 1681 1601 et
1733 1530 1901 1599 nihil
1960 1531 2089 1601 tale
2129 1530 2506 1632 suspicanti
2544 1546 2818 1621 repente
2866 1533 3165 1622 genibus

627 1622 777 1710 ejus
823 1620 1180 1690 advoluta:
1234 1642 1270 1687 «
1311 1625 1635 1710 Ignosce,
1693 1620 1960 1706 inquit,
2021 1619 2351 1689 audaciae
2380 1674 2394 1700 ,
2460 1620 2735 1710 ignosce
2778 1621 3166 1690 necessitati

629 1732 840 1779 meae.
894 1708 1068 1791 Quid
1110 1710 1355 1778 avertis
1387 1709 1679 1778 oculos?
1725 1708 1898 1791 Quid
1944 1722 2292 1798 rogantem
2329 1706 2570 1799 fugis?
2616 1709 2764 1779 Noli
2801 1707 3161 1778 mulierem

627 1798 1007 1899 adspicere,
1046 1798 1162 1867 sed
1203 1798 1546 1866 miseram.
1585 1798 1710 1865 Hic
1744 1819 1946 1867 sexus
1984 1798 2223 1887 genuit
2254 1796 2691 1867 Salvatorem.
2729 1803 2870 1866 Non
2908 1797 3166 1867 habent

626 1909 778 1955 sani
826 1908 1001 1976 opus
1051 1885 1340 1967 medico,
1388 1885 1501 1955 sed
1561 1887 1682 1973 qui
1740 1885 1917 1955 male
1974 1886 2251 1956 habent.
2291 1908 2326 1951 »
2366 1885 2663 1954 Tandem
2715 1886 3042 1967 substitit,
3098 1898 3166 1957 et

629 1989 781 2065 post
826 1988 1090 2044 tantum
1146 1975 1469 2065 temporis
1503 1976 1647 2044 visa
1683 1974 1988 2055 muliere,
2044 1974 2481 2063 interrogavit
2513 1996 2793 2044 causam
2826 1974 3167 2046 adventus

626 2064 775 2149 ejus
822 2086 900 2132 ac
948 2064 1260 2132 fletuum.
1315 2068 1392 2132 Et
1441 2076 1799 2150 postquam
1850 2062 2115 2144 didicit,
2171 2063 2407 2133 levatis
2453 2061 2536 2131 ad
2589 2062 2853 2133 coelum
2906 2062 3158 2145 oculis,

626 2151 1126 2309 fiderefjlussit:
1178 2167 1590 2240 euntemque
1629 2152 1955 2242 lacrymis
2005 2164 2430 2241 prosecutuS,
2467 2165 2700 2221 exacto
2731 2172 2936 2232 anno,
2995 2151 3169 2221 vidit

629 2262 785 2308 cum
863 2262 1003 2309 iio.

717 2336 752 2408 ἓ
801 2331 879 2400 S.
933 2334 1074 2398 Hoc
1110 2329 1462 2418 signorum
1499 2329 1647 2414 ejus
1700 2326 2145 2429 principium,
2203 2328 2424 2415 majus
2474 2327 2660 2398 aliud
2714 2327 2992 2418 signum
3039 2352 3165 2399 no-

627 2415 941 2486 bilitavit.
974 2417 1388 2487 Aristaeneta
1414 2416 1740 2507 Helpidii,
1776 2416 1893 2505 qui
1932 2430 2161 2507 postea
2211 2417 2594 2487 Praefectus
2628 2419 2971 2508 praetorio
3004 2418 3163 2502 suit,

624 2528 815 2587 uxor,
870 2506 1065 2576 valde
1114 2507 1363 2576 nobilis
1414 2507 1587 2574 inter
1634 2529 1819 2586 sum,
1877 2519 1940 2575 et
1990 2507 2168 2576 inter
2208 2506 2627 2577 Christianos
2681 2507 2999 2588 nobilior,
3057 2530 3166 2578 re·

624 2608 891 2664 vertens
920 2617 1077 2664 cum
1131 2596 1372 2664 marito
1402 2608 1466 2664 et
1507 2596 1729 2665 tribus
1781 2594 2013 2663 liberis
2060 2617 2097 2664 a
2126 2595 2335 2665 beato
2383 2597 2695 2673 Antonio,
2734 2600 2949 2665 Gazae
3000 2618 3168 2686 pro-

624 2698 772 2773 pter
799 2705 1035 2753 eorum
1065 2684 1531 2754 infirmitatem
1570 2695 1901 2752 remorata
1928 2696 2050 2752 est.
2082 2683 2183 2752 Ibi
2211 2685 2419 2764 enim,
2459 2684 2598 2753 sive
2630 2685 2719 2753 ob
2751 2698 3161 2774 corruptum

621 2777 872 2852 aerem,
929 2777 1115 2852 sive,
1177 2785 1254 2841 ut
1294 2785 1526 2861 postea
1573 2770 1843 2852 claruit,
1900 2783 2173 2862 propter
2219 2771 2508 2862 gloriam
2559 2772 2935 2842 Hilarionis
2983 2775 3170 2843 servi

625 2862 783 2942 Dei,
851 2860 1273 2930 hemitritaeo
1311 2861 1379 2895 μ
1431 2861 1683 2950 pariter
1738 2861 2031 2950 arrepti,
2084 2882 2325 2930 omnes
2371 2882 2410 2929 a
2463 2860 2749 2930 medicis
2813 2861 3167 2962 desperati

622 2962 808 3019 sunt.
860 2949 1148 3018 Jacebat
1194 2948 1474 3018 ululans
1522 2960 1759 3030 mater,
1813 2962 1877 3018 et
1923 2949 2118 3036 quasi
2172 2948 2346 3017 inter
2394 2949 2522 3017 tria
2557 2948 2857 3018 filiorum
2892 2950 3165 3020 discur-

624 3060 780 3108 rens
817 3038 1172 3119 cadavera,
1217 3060 1419 3125 quem
1474 3037 1666 3127 prius
1717 3037 2091 3127 plangeret,
2145 3037 2512 3106 nesciebat.
2566 3039 2846 3128 Cognito
2893 3052 3159 3123 autem,

621 3126 805 3214 quod
854 3138 1029 3198 esset
1075 3126 1354 3214 quidam
1408 3126 1786 3197 monachus
1836 3125 1906 3194 in
1956 3125 2179 3195 vicina
2213 3125 2606 3207 solitudine,
2660 3126 2867 3196 oblita
2903 3139 3168 3196 matro-

623 3215 799 3283 nalis
849 3238 1158 3305 pompae,
1214 3226 1477 3284 tantum
1530 3239 1598 3286 se
1649 3229 1931 3285 matrem
1984 3226 2299 3284 noverat:
2355 3214 2537 3284 vadit
2583 3216 2894 3285 comitata
2933 3215 3169 3284 ancil-

624 3303 786 3372 lulis
832 3316 896 3372 et
940 3303 1306 3385 eunuchis,
1361 3304 1604 3389 vixque
1635 3326 1675 3372 a
1712 3305 1852 3374 viro
1888 3325 2294 3392 persuasum
2344 3316 2481 3386 est,
2528 3316 2602 3374 ut
2648 3304 2856 3374 asello
2901 3301 3165 3376 sedens

624 3404 952 3482 pergeret.
1004 3391 1096 3460 Ad
1147 3415 1350 3478 quern
1400 3414 1555 3461 cum
1612 3393 2070 3480 pervenisset:
2126 3415 2162 3460 «
2199 3398 2320 3463 Per
2366 3415 2491 3482 ego
2554 3406 2612 3462 te
2643 3448 2658 3475 ,
2719 3394 2852 3474 ait,
2913 3398 3167 3464 Jesum

619 3480 1233 3551 clementissimum
1274 3486 1478 3550 Deum
1533 3495 1839 3551 nostrum
1878 3482 2197 3564 obtestor,
2247 3504 2366 3571 per
2399 3486 2679 3551 Crucem
2712 3482 2863 3571 ejus
2901 3495 2968 3551 et
2998 3505 3167 3552 san-

619 3570 924 3726 guinem,
977 3581 1054 3639 ut
1102 3570 1345 3639 reddas
1396 3570 1566 3638 mibi
1617 3584 1750 3639 tres
1797 3569 1999 3652 filios,
2052 3584 2116 3640 et
2211 3569 2582 3639 lorificetur
2615 3571 2685 3639 in
2729 3573 2899 3642 urbe
2932 3573 3166 3661 genti-

649 3662 791 3728 ium
829 3680 1073 3727 nomen
1114 3658 1377 3728 Domini
1413 3659 1799 3741 Salvatoris,
1852 3671 1917 3729 et
1950 3660 2142 3748 ingre
2198 3660 2376 3729 iatur
2409 3680 2648 3728 servus
2686 3660 2838 3750 ejus
2872 3665 3150 3742 Gazam,

617 3760 681 3817 et
731 3753 997 3816 Marnas
1031 3759 1324 3816 corruat.
1361 3771 1395 3814 »
1432 3753 1781 3818 Renuente
1813 3747 1956 3829 illo,
2004 3763 2067 3816 et
2099 3747 2389 3829 dicente,
2433 3768 2787 3833 nunquam
2826 3771 2899 3818 se
2925 3769 3158 3837 egres-

617 3859 857 3907 surum
894 3837 977 3906 de
1007 3836 1201 3914 cella,
1245 3858 1366 3905 nec
1413 3836 1664 3906 habere
1713 3835 2303 3917 consuetudinem,
2358 3849 2435 3905 ut
2481 3857 2620 3904 non
2676 3836 2877 3904 modo
2917 3836 3164 3905 civita-

616 3939 776 4006 tem,
814 3925 928 3995 sed
967 3947 1050 3994 ne
1085 3924 1392 3994 villulam
1424 3924 1704 4010 quidem
1744 3924 2234 4016 ingrederetur,
2278 3924 2641 4014 prostravit
2672 3944 2746 3991 se
2774 3923 2885 3992 illa
2929 3924 3152 4005 humi,

617 4013 854 4083 crebro
902 4013 1310 4085 clamitans:
1365 4036 1399 4079 «
1438 4012 1771 4095 Hilarion,
1833 4035 2020 4083 serve
2069 4013 2364 4095 Christi,
2418 4012 2625 4082 redde
2681 4012 2850 4081 mihi
2904 4011 3163 4082 liberos

607 4119 830 4171 meos.
884 4106 1066 4184 Quos
1098 4102 1430 4173 Antonius
1479 4103 1697 4173 tenuit
1729 4104 1796 4171 in
1834 4107 2160 4194 Aegypt0,
2199 4126 2239 4172 a
2270 4116 2330 4173 te
2364 4112 2718 4171 serventur
2755 4101 2824 4169 in
2865 4101 3086 4191 Syria.
3124 4124 3163 4166 ι»

621 4188 900 4260 Flebant
936 4193 1161 4262 cuncti
1201 4191 1321 4280 qui
1351 4191 1636 4262 aderant
1666 4217 1681 4259 :
1718 4192 1835 4264 sed
1865 4194 2109 4283 etipse
2146 4214 2402 4283 negans
2436 4191 2640 4261 flevit.
2681 4189 2861 4273 Quid
2898 4190 3166 4261 multa?

674 4348 700 4376 ¹⁸
729 4350 1090 4400 Eleuzheropous.
1107 4354 1398 4395 Palaestinae
1417 4357 1491 4395 cst
1510 4355 1637 4396 urbs.

674 4401 731 4429 ¹⁸¹⁸
757 4404 920 4445 Febris
941 4407 1014 4446 est
1031 4416 1149 4455 quac
1167 4407 1440 4458 imperfect-a
1457 4409 1664 4452 tertiana
1683 4410 1868 4452 dicitur.
