3347 4999
728 256 857 321 456
1413 271 1491 318 ms
1537 271 1594 318 s.
1647 270 1844 318 GALLO
1891 271 2034 318 Ans.
2087 267 2165 317 m·
2213 270 2396 318 come.
2866 252 3028 319 OCT.
3077 255 3147 318 46

641 380 1069 448 praesumas.
1111 379 1148 423 »
1197 360 1465 425 Etcum
1526 356 1589 425 ei
1650 356 1999 426 licentiam
2061 378 2181 446 per
2230 378 2302 427 se
2349 355 2803 427 conversandi
2850 356 3141 438 dedisset,

642 448 818 515 viam
858 446 1213 537 ingressus
1244 457 1344 514 est
1385 444 1709 515 abeundi.
1756 450 1909 515 Post
1940 444 2326 516 discessum
2362 467 2470 515 ma
2529 446 2673 514 istri
2706 460 2772 516 et
2805 445 3143 526 sociorum,

643 535 880 606 Gallus
929 534 1098 605 retia
1145 555 1272 604 sua
1318 546 1382 602 et
1430 556 1757 623 sagenam
1810 534 1964 603 navi
2000 534 2366 623 imponens
2405 557 2444 604 a
2532 534 2976 603 willimarum
3018 554 3150 622 pre·

642 625 994 713 sbyterum
1056 623 1274 701 venit;
1345 634 1410 691 et
1471 646 1629 692 cum
1692 622 2051 694 obtulisset
2110 624 2172 691 ei
2242 624 2445 705 retia,
2503 625 2680 693 inter
2727 622 3050 711 lacrymas
3094 635 3149 692 et

641 713 942 803 suspiria
1007 711 1292 780 retexuit
1355 711 1588 780 omnia
1635 732 1811 797 quae
1860 724 2048 801 gesta
2113 711 2385 782 fuerant
2432 713 2618 782 circa
2677 711 2916 781 fratres
2982 733 3145 780 suos.

641 802 896 872 Deinde
954 800 1379 870 infirmitatis
1453 821 1619 870 suae
1665 822 1912 869 causas
1958 800 2301 890 aperiens,
2368 802 2630 891 rogavit
2689 823 2875 880 eum,
2928 812 2997 869 ut
3050 799 3146 868 sui

640 913 876 961 curam
920 890 1323 980 dignaretur
1363 889 1638 958 habere.
1693 889 1822 971 Qui
1863 889 2253 978 suscipiens
2300 910 2460 959 eum
2510 912 2670 959 cum
2721 888 2908 958 omni
2953 888 3148 957 chari·

642 980 799 1049 tatis
848 979 1215 1065 obsequie,
1272 978 1556 1047 domum
1611 976 1906 1046 vicinam
1972 977 2299 1048 ecclesiae
2360 979 2513 1067 ejus
2578 977 2961 1048 necessitati
3007 997 3150 1046 con-

642 1069 868 1147 cessit,
922 1079 987 1137 et
1034 1067 1309 1137 duobus
1356 1065 1625 1136 clericis
1673 1066 1820 1135 suis
1869 1067 2274 1154 Magnoaldo
2322 1080 2385 1135 et
2433 1066 2788 1137 Theodoro
2820 1067 2989 1135 hanc
3033 1064 3148 1135 sol-

643 1157 1074 1227 licitudinem
1125 1153 1654 1233 commendavit,
1708 1166 1784 1223 ut
1831 1177 1989 1224 cum
2041 1156 2230 1224 omni
2281 1155 2640 1256 diligentia
2687 1156 2841 1246 ejus
2901 1176 3148 1244 recupe-

644 1246 892 1315 rationi
943 1245 1295 1315 servirent.
1340 1244 1604 1313 Exactis
1636 1242 1899 1330 aliquot
1930 1243 2200 1325 diebuS,
2247 1249 2534 1314 Dommo
2567 1245 2686 1332 qui
2734 1243 3033 1314 medicus
3063 1255 3148 1311 est

644 1356 867 1415 veruS,
915 1333 1251 1403 medelam
1305 1332 1759 1421 impertiente,
1815 1332 2037 1422 coepit
2085 1354 2356 1403 sumere
2404 1333 2619 1415 cibos,
2673 1345 2739 1402 et
2790 1355 2907 1423 per
2955 1332 3145 1401 incre-

644 1436 875 1493 menta
926 1436 1309 1511 temporum
1361 1420 1808 1501 confortatuS,
1866 1420 2229 1512 perfectam
2289 1421 2581 1511 adeptus
2627 1435 2732 1491 est
2785 1420 3142 1490 sanitatem.

641 1516 691 1582 Ο
741 1512 1235 1590 infirmitatem,
1274 1510 1463 1579 omni
1513 1510 1822 1580 humano
1871 1510 2113 1580 robore
2162 1509 2531 1580 fortioreml
2572 1514 2622 1580 Ο
2657 1510 2941 1587 febrem,
2984 1506 3148 1577 omni

646 1600 851 1669 laude
900 1599 1284 1670 colendaml
1339 1602 1389 1668 Ο
1441 1598 1870 1689 languorem,
1911 1599 2184 1668 sanitati
2219 1611 2284 1668 et
2331 1598 2607 1689 gaudiis
2654 1597 3144 1669 ascribendum!

644 1690 968 1779 Exemplo
1028 1688 1212 1758 enim
1288 1687 1554 1756 Domini
1614 1708 1738 1776 pro
1804 1686 1999 1756 nobis
2059 1687 2296 1758 Gallus
2344 1687 2606 1769 doluit,
2663 1700 2741 1756 ut
2788 1687 3146 1756 animarum

642 1779 919 1849 morbos
984 1777 1490 1867 praedicatione
1556 1798 1753 1846 sacra
1817 1775 2207 1865 depelleret.
2264 1781 2368 1845 Ire
2416 1798 2574 1846 cum
2653 1777 2978 1866 magistro
3034 1794 3145 1842 non

644 1868 883 1955 potuit,
937 1881 1015 1936 ut
1065 1865 1262 1935 nobis
1324 1864 1502 1933 viam
1555 1865 1856 1935 veritatis
1889 1864 2295 1935 ostenderet.
2332 1870 2495 1934 Vere
2594 1865 2818 1935 atiens
2864 1877 2927 1933 et
2974 1862 3150 1932 mise-

645 1956 860 2025 ricors
912 1955 1264 2033 DominuS,
1306 1952 1373 2021 in
1429 1952 2015 2042 praedicatoribus
2048 1955 2192 2024 suis
2217 1952 2359 2042 jam
2416 1954 2517 2043 pri
2573 1976 2679 2023 em
2713 1964 3142 2040 contemptus

643 2043 808 2113 dum
862 2042 1376 2113 conversionem
1431 2054 1863 2130 peccatorum
1917 2042 2236 2124 sustinet,
2291 2043 2660 2123 doctorem,
2733 2064 2819 2111 ne
2879 2052 3148 2111 errantes

642 2131 931 2211 deserat,
977 2131 1239 2200 retinet.

731 2223 765 2306 ξ
814 2239 906 2303 9.
950 2219 1289 2288 Diaconus
1318 2218 1544 2304 itaque
1579 2218 1946 2309 saepedicti
1981 2219 2379 2308 presbyteri,
2419 2219 2696 2288 nomine
2727 2216 3143 2293 Hiltiboldus,

647 2331 886 2379 omnes
935 2308 1147 2375 eremi
1189 2307 1468 2377 semitas
1504 2321 1697 2378 notas
1732 2308 2026 2377 habebat
2058 2321 2122 2377 et
2154 2329 2503 2379 secessus:
2560 2307 2822 2377 solebat
2860 2307 3035 2377 enim
3068 2303 3149 2394 pi-

643 2397 861 2465 scium
897 2409 960 2465 et
993 2396 1398 2485 accipitrum
1436 2418 1646 2465 causa
1687 2396 2181 2486 capiendorum
2227 2397 2501 2485 saepius
2536 2396 2979 2466 solitudinem
3025 2415 3148 2484 per-

643 2484 900 2574 vagari,
935 2497 999 2555 et
1026 2497 1284 2555 secreta
1310 2484 1617 2555 locorum
1654 2509 1780 2555 uso
1807 2485 2209 2572 quotidiano
2240 2484 2644 2575 perdiscere.
2675 2486 2854 2556 Huic
2887 2506 3035 2555 cum
3065 2481 3147 2549 vir

642 2588 924 2644 sanctus
956 2574 1442 2644 familiaritatis
1485 2596 1651 2644 suae
1686 2575 1977 2666 gratiam
2039 2574 2510 2664 praestitisset,
2564 2575 2907 2661 quaesivit
2937 2573 3018 2642 ab
3060 2592 3143 2648 eo,

640 2685 726 2732 an
796 2664 1164 2733 invenisset
1222 2685 1528 2750 unquam
1599 2663 1665 2731 in
1734 2661 2101 2733 solitudine
2151 2663 2404 2742 locum,
2458 2663 2658 2750 aquis
2704 2662 3147 2733 abundantem

636 2753 832 2843 puris
879 2768 942 2821 et
989 2752 1411 2832 salubribus,
1480 2751 1762 2841 planitie
1819 2764 2135 2831 stratum,
2204 2764 2269 2820 et
2311 2750 2636 2822 humanis
2685 2752 2990 2822 cultibus
3044 2770 3147 2836 op-

639 2853 1057 2930 portunum:
1099 2865 1135 2907 «
1171 2839 1540 2921 DesideriO,
1606 2839 1954 2926 inquiens,
2008 2840 2224 2909 animi
2283 2838 2607 2911 ferventis
2645 2854 2990 2920 exaestuo,
3051 2857 3149 2906 cu·

638 2930 833 3019 piens
884 2930 951 2998 in
1005 2929 1375 2999 solitudine
1424 2928 1677 2998 ducere
1710 2927 1857 3008 dies
1894 2927 2054 2997 huic
2102 2929 2277 2997 vitae
2326 2949 2711 3010 conceSSOS,
2745 2929 2943 3016 juxta
2988 2922 3145 3014 quod

635 3018 998 3088 Psalmista
1050 3018 1499 3108 pronunciat,
1555 3016 1831 3086 dicens:
1883 3022 2048 3087 Ecce
2117 3019 2434 3108 elongavi
2481 3020 2775 3108 fuqiens,
2850 3029 2915 3087 et
2959 3013 3154 3085 mansi

636 3109 702 3176 in
736 3108 1120 3176 solitudine.
1164 3107 1649 3196 Eoespectabam
1684 3128 1858 3186 eum,
1891 3108 2014 3197 qui
2040 3109 2308 3175 salvum
2356 3128 2458 3174 me
2494 3108 2747 3194 faceret
2785 3107 2999 3197 (Psal.
3049 3099 3147 3188 54)

636 3209 701 3265 et
751 3195 1035 3281 reliqua.
1095 3195 1432 3264 Diaconus
1496 3194 1882 3284 respondit:
1925 3217 1961 3261 <‹
1997 3199 2201 3275 Haec,
2259 3217 2298 3264 ο
2349 3207 2573 3283 pater,
2629 3194 2930 3266 solitudo
2974 3190 3149 3279 aquis

635 3296 737 3352 est
778 3283 1005 3351 infusa
1038 3282 1537 3369 frequentibus,
1569 3283 1934 3373 asperitate
1966 3283 2314 3364 terribilis,
2354 3283 2705 3353 montibus
2750 3284 2950 3373 plena
2986 3298 3151 3381 prae-

635 3371 864 3451 celsis,
918 3372 1233 3459 angustis
1294 3370 1593 3441 vallibus
1657 3372 1982 3452 flexuosa,
2037 3372 2276 3442 bestiis
2350 3393 2663 3460 possessa
2719 3373 3143 3442 saevissimis.

633 3464 800 3528 Nam
871 3473 1135 3548 praeter
1188 3481 1422 3529 cervos
1484 3474 1548 3529 et
1612 3460 2071 3531 innocuorum
2145 3482 2263 3550 gre
2315 3481 2387 3529 es
2447 3460 2909 3543 animalium,
2976 3474 3152 3528 ursos

633 3548 857 3706 gignit
908 3547 1281 3638 plurimOS‚
1348 3571 1387 3617 a
1445 3571 1553 3617 ros
1616 3549 2203 3628 innumerabiles,
2304 3570 2481 3639 upos
2542 3571 2913 3618 numerum
2981 3565 3153 3615 exce·

682 3649 893 3717 enteS,
949 3637 1136 3706 rabie
1177 3637 1378 3725 singu
1412 3659 1586 3707 ares.
1640 3637 1869 3706 Timeo
1917 3637 2151 3727 igitur,
2215 3658 2300 3706 ne
2357 3638 2415 3707 si
2485 3650 2545 3707 te
2604 3637 2772 3724 illuc
2808 3636 3143 3710 induxere,

633 3727 718 3797 ab
777 3725 1180 3827 hujusmodi
1216 3725 1526 3795 hostibus
1577 3725 1945 3795 devoreris.
1987 3749 2023 3792 »
2063 3725 2155 3795 Ad
2193 3726 2358 3796 haec
2420 3724 2533 3793 Vir
2569 3727 2874 3796 sanctus:
2922 3748 2957 3790 «
2993 3727 3149 3812 Apo-

632 3815 810 3896 stoli,
865 3815 1111 3902 1nquit,
1175 3814 1510 3886 sententia
1542 3828 1673 3884 est:
1719 3817 1796 3884 Si
1838 3821 2011 3884 Deus
2061 3838 2183 3906 pro
2250 3816 2454 3894 nobis,
2508 3817 2659 3905 quis
2713 3826 2946 3884 contra
2991 3807 3150 3881 nos?

628 3909 710 3974 Et
756 3907 1023 3985 scimuS,
1077 3905 1396 3994 quoniam
1452 3904 1888 3993 diliqentibus
1928 3909 2136 3973 Deum
2184 3905 2412 3972 omnia
2460 3914 2902 3993 cooperantur
2953 3904 3020 3970 in
3061 3900 3154 3967 bo-

629 4016 790 4062 num
827 3993 1043 4081 (Rom.
1081 3996 1248 4077 vlu).
1288 3991 1417 4074 Qui
1461 3990 1808 4061 Danielem
1851 3992 2163 4063 liberavit
2197 3992 2284 4061 da
2315 3992 2473 4062 lacu
2504 3992 2809 4073 leonum,
2856 4000 3071 4081 potest
3097 3993 3154 4052 el

629 4102 739 4149 me
786 4081 1046 4170 eripere
1094 4081 1178 4150 de
1220 4103 1431 4150 manu
1481 4080 1881 4151 bestiarum.
1925 4104 1959 4148 »
2002 4081 2122 4151 Cui
2170 4080 2506 4151 diaconus
2548 4082 2713 4151 haec
2765 4075 3144 4175 respondit:

633 4193 672 4236 (ι
704 4169 884 4238 Mitte
917 4170 984 4238 in
1024 4190 1254 4259 peram
1296 4181 1477 4239 tuam
1516 4169 1802 4250 cibaria,
1839 4183 1903 4240 et
1928 4182 2064 4239 rete
2107 4170 2621 4259 parvissimum:
2662 4191 2815 4238 cras
2848 4167 3027 4236 enim
3060 4183 3148 4260 in·

632 4257 987 4328 troducam
1044 4271 1103 4327 te
1152 4258 1218 4325 in
1270 4259 1621 4328 eremum:
1678 4271 1742 4327 et
1793 4258 1850 4326 si
1915 4257 2255 4328 inveneris
2304 4257 2533 4327 locum
2602 4257 2721 4326 tibi
2786 4251 3150 4344 acceptabi-

629 4346 789 4428 lem,
831 4368 956 4437 age
990 4345 1244 4436 gratias
1283 4351 1440 4426 Deo,
1478 4359 1542 4417 et
1578 4347 1920 4437 praecepti
1948 4346 2286 4417 Dominici
2327 4345 2596 4437 comple
2633 4345 2950 4437 rigorem.
2987 4346 3149 4410 Deus
