3347 4999
219 316 388 383 OCT.
443 317 523 380 ⁴7
1099 335 1177 380 na
1226 334 1281 381 s.
1334 334 1627 381 nanwlea
1675 334 1869 382 vinna
2527 317 2654 381 50¹0·

217 432 436 488 autem
491 417 610 486 illa
659 418 1093 507 presbyteros
1141 418 1280 487 sive
1320 417 1706 487 sacerdotes
1750 431 1973 487 tantae
2021 439 2168 487 esse
2216 417 2613 508 dignitatiS,
2667 431 2744 487 ut

215 507 578 576 Dominum
614 506 783 575 coeli
823 519 888 576 et
938 521 1152 577 terrae
1192 518 1479 576 tractent
1528 508 1595 574 in
1638 519 2067 576 sacramento
2103 506 2361 587 altaris,
2415 520 2619 593 atque
2665 529 2743 576 ea

212 595 562 664 conferant
597 595 901 681 quotidie
948 608 1398 676 sacramenta,
1451 594 1730 682 quibuS,
1784 596 2019 664 divina
2065 595 2422 665 assistente
2472 597 2740 675 virtute,

216 683 442 754 fidelis
484 683 951 753 sanctificatur
998 696 1062 753 et
1107 684 1420 773 expiatur
1450 685 1725 764 anima;
1781 683 2165 754 sacerdotes
2217 695 2281 753 et
2337 705 2576 753 omnes
2624 685 2746 770 qui

209 773 279 841 in
331 772 519 842 Clero
568 785 753 852 sunt,
808 786 951 843 tum
1001 771 1393 853 seculareS,
1474 785 1621 841 tum
1683 772 2039 862 religiosos
2089 772 2307 842 multa
2371 773 2746 843 reverentia

211 860 772 951 prosequebatur,
839 882 958 930 nec
1018 882 1223 949 parvo
1261 861 1518 930 honore
1564 859 1926 942 afficiebat,
1967 860 2174 948 idque
2207 860 2373 931 adeo
2400 914 2420 940 ,
2464 875 2540 931 ut
2587 860 2746 932 illos

209 950 438 1031 etiam,
505 950 626 1037 qui
685 948 1131 1019 emolumenti
1193 949 1489 1039 alicujus
1543 952 1754 1019 causa
1811 972 1883 1019 se
1923 949 2305 1020 sacerdotes
2376 948 2737 1040 fingerent,

208 1051 557 1126 tamquam
611 1060 800 1108 veros
851 1037 1279 1127 presbyteros
1331 1038 1715 1108 honoraret.
1771 1044 2006 1126 Itaque
2058 1038 2143 1107 ad
2201 1060 2510 1108 mensam
2571 1039 2744 1108 assi-

206 1127 364 1197 dere
422 1126 726 1206 nolebat,
796 1126 928 1196 nisi
999 1127 1188 1215 prius
1238 1127 1576 1206 sacerdos,
1653 1127 1773 1214 qui
1837 1126 2252 1197 sacrificium
2304 1127 2574 1209 fecerat,
2642 1127 2745 1195 di-

206 1217 622 1285 scumberet.

292 1307 328 1392 §
391 1307 541 1381 28..
605 1304 1116 1373 coruscationes
1161 1319 1227 1373 et
1274 1304 1573 1373 tonitrua
1610 1303 1902 1373 multum
1940 1303 2375 1385 formidabat,
2413 1304 2594 1392 quod
2636 1304 2745 1373 his

204 1392 700 1465 elementorum
752 1393 1332 1462 commotionibus
1378 1393 1660 1462 extremi
1710 1392 1846 1462 diei
1884 1393 2230 1483 judicium
2265 1448 2280 1473 ,
2341 1407 2407 1463 et
2467 1393 2744 1462 divinae

207 1481 493 1552 ultionis
532 1480 839 1570 gladium
889 1481 974 1550 ad
1028 1482 1428 1551 memoriam
1481 1495 1843 1562 revocaret,
1900 1503 2114 1569 eaque
2159 1503 2737 1562 commemorans,

206 1583 343 1640 tota
390 1569 965 1652 contremisceret,
1034 1583 1098 1639 et
1144 1592 1301 1639 cum
1364 1569 1557 1639 beato
1601 1570 1727 1639 Job
1778 1571 1977 1657 quasi
2030 1583 2366 1640 tumentes
2415 1592 2624 1659 super
2673 1592 2745 1641 se

204 1659 461 1730 fluctus
510 1680 779 1748 semper
820 1659 1186 1728 Dominum
1240 1659 1525 1727 timeret.
1577 1664 1708 1728 Nec
1758 1659 2045 1728 cessavit
2098 1659 2153 1728 is
2203 1672 2479 1739 tremor,
2521 1659 2739 1728 donec

203 1752 467 1818 accitus
515 1747 767 1835 aliquis
816 1746 1170 1828 sacerdos;
1218 1759 1517 1816 sacratas
1552 1767 1802 1817 manus
1838 1770 1957 1837 pro
2001 1746 2272 1816 divinae
2302 1748 2744 1835 protectionis

203 1850 401 1906 scuto
448 1836 599 1926 ejus
646 1835 855 1925 capiti
915 1837 1340 1923 imponeret,
1397 1837 1526 1905 sub
1574 1857 1868 1922 quarum
1920 1836 2327 1906 umbraculo
2390 1849 2741 1924 tamquam

193 1927 342 2016 jam
394 1924 479 1993 de
530 1925 833 2015 periculo
896 1924 1243 1994 evadendo
1279 1979 1293 2006 ,
1355 1923 1953 2014 genuflexionibus
2015 1939 2080 1995 et
2125 1925 2550 1995 orationibus
2602 1926 2736 1994 du-

202 2024 404 2082 rante
453 2026 851 2103 tempestate
900 2014 1277 2085 insistebat.
1313 2013 1830 2099 Tranquillitate
1881 2027 2031 2103 post
2079 2014 2550 2103 intemperiem
2593 2013 2743 2082 red-

204 2102 376 2180 dita,
430 2122 553 2192 pro
609 2102 984 2190 gratiarum
1050 2103 1351 2173 actiones
1398 2102 1552 2172 illas
1609 2123 1859 2171 manus
1892 2101 2371 2172 osculabatur:
2414 2124 2587 2189 quas
2640 2102 2741 2171 id·

201 2190 392 2259 circo
424 2189 704 2278 putabat
732 2211 928 2279 posse
961 2191 1272 2260 resistere
1305 2190 1543 2260 noxiae
1577 2191 1911 2281 potestati,
1945 2205 2021 2261 ut
2055 2192 2226 2260 iram
2268 2191 2377 2259 Dei
2410 2204 2737 2272 avertant,

203 2276 306 2346 vel
361 2282 567 2347 Deum
622 2278 870 2347 iratum
929 2279 1323 2358 concilient,
1362 2279 1546 2366 quod
1597 2292 1904 2348 sacratae
1965 2279 2125 2349 sint.
2194 2279 2531 2349 Peculiari
2589 2302 2743 2349 vero

203 2364 634 2434 afficiebatur
680 2387 911 2436 amore
958 2389 1119 2456 erga
1169 2367 1346 2448 illos,
1400 2389 1575 2455 quos
1623 2367 1827 2437 sciret
1873 2368 2178 2439 studiose
2225 2368 2546 2438 interesse
2585 2369 2744 2438 Mis-

202 2474 442 2525 sarum
498 2454 899 2524 sacrificiis:
943 2476 1063 2524 nec
1103 2455 1394 2527 dubium
1443 2457 1608 2544 quin
1655 2456 1810 2546 plus
1843 2457 2047 2526 etiam
2095 2457 2406 2528 dilexerit
2457 2479 2573 2528 eos
2623 2458 2744 2545 qui

202 2544 427 2633 parati
461 2555 687 2613 essent
720 2543 801 2612 ad
841 2544 1081 2614 Missas
1114 2545 1355 2614 crebro
1388 2545 1623 2615 devote
1656 2546 2129 2616 celebrandas
2184 2547 2277 2616 Ad
2344 2568 2741 2617 sacramen-

202 2648 352 2702 tum
408 2632 738 2702 Dominici
790 2633 1103 2723 Corporis
1155 2634 1673 2723 percipiendum
1711 2657 2098 2714 accessura,
2155 2648 2343 2705 tanto
2399 2634 2744 2722 lacryma-

196 2743 360 2792 rum
425 2721 642 2792 imbre
690 2721 932 2790 faciem
987 2721 1437 2811 perfundebat
1488 2745 1712 2804 suam,
1754 2736 1937 2792 tanto
1974 2723 2324 2813 precandi,
2359 2745 2585 2814 genua
2618 2724 2743 2792 sse-

195 2809 455 2889 ctendi,
493 2831 747 2898 corpus
805 2810 1280 2900 prosternendi
1321 2812 1549 2881 studio
1591 2824 1734 2881 tum
1796 2812 2184 2902 specialiter
2235 2811 2732 2900 occupabatur,

194 2912 276 2969 ut
319 2897 538 2969 fervor
586 2898 966 2970 devotionis
1008 2899 1162 2988 ejus
1217 2922 1349 2970 non
1410 2901 1744 2970 immerito
1797 2902 2138 2971 intuentes
2186 2900 2271 2968 ad
2315 2899 2742 2970 devotionem

193 2987 570 3058 efficaciter
616 3003 1062 3078 permoveret.
1120 2989 1504 3060 Permultas
1542 2989 1835 3059 habebat
1864 2994 2265 3058 Sanctorum
2303 2988 2644 3077 imagines
2677 3001 2745 3057 et

193 3076 554 3162 reliquias,
593 3077 852 3164 quibus
898 3099 1273 3167 congruam
1330 3079 1716 3168 praestabat
1765 3077 2234 3157 reverentiam,
2296 3097 2548 3162 easque
2604 3076 2740 3147 sibi

192 3165 283 3235 ad
338 3165 697 3236 ecclesiam
742 3166 932 3235 eunti
976 3166 1186 3236 voluit
1237 3166 1581 3256 praeferri,
1627 3180 1691 3236 et
1741 3166 1808 3234 in
1869 3165 2013 3234 loco
2061 3165 2390 3234 orationis
2438 3185 2602 3234 suae
2636 3186 2740 3234 re-

193 3253 405 3345 poni:
445 3265 520 3322 ut
566 3275 804 3324 earum
854 3254 1431 3344 contemplatione
1474 3255 1721 3323 rediret
1755 3255 1821 3322 in
1867 3253 2270 3322 vivaciorem
2332 3254 2736 3322 memoriam

193 3341 603 3412 meritorum
651 3363 886 3412 eorum
942 3364 1116 3430 quos
1162 3342 1472 3424 amabat,
1511 3353 1576 3413 et
1624 3364 1744 3432 per
1778 3341 2052 3411 illorum
2105 3341 2455 3431 suffragia,
2494 3341 2580 3411 ad
2624 3342 2738 3411 de-

187 3429 492 3502 votionis
562 3426 892 3499 fervorem
959 3432 1177 3531 magis
1239 3452 1384 3501 sese
1437 3444 1894 3519 praepararet.
1964 3436 2167 3500 Porro
2216 3431 2732 3500 sanctissimam

193 3518 449 3589 Christi
491 3522 768 3586 Matrem
806 3519 979 3587 inter
1011 3519 1183 3588 alios
1219 3523 1520 3596 Sanctos,
1553 3520 1645 3588 ita
1686 3534 1759 3588 ut
1794 3540 1915 3608 par
1943 3532 2109 3599 erat,
2154 3519 2511 3589 ardentius
2544 3540 2738 3588 ama-

187 3608 339 3684 bat,
383 3619 584 3693 atque
616 3608 695 3674 ea
728 3608 937 3675 causa
986 3606 1175 3677 illius
1214 3607 1398 3697 apud
1452 3629 1523 3679 se
1566 3629 1844 3696 parvam
1881 3629 2151 3696 semper
2192 3606 2448 3677 ferebat
2487 3607 2736 3697 imagi-

190 3719 384 3775 nem,
440 3715 731 3781 eamque
777 3694 1057 3794 saepius
1095 3696 1403 3796 gestabat
1445 3697 1789 3777 manibus,
1825 3708 1898 3765 ut
1927 3718 2007 3765 ex
2045 3718 2278 3766 amore
2317 3697 2557 3766 crebro
2583 3716 2736 3766 eam

189 3796 429 3877 posset
478 3783 751 3863 intueri,
792 3797 855 3853 et
889 3784 1319 3873 inspiciendo
1368 3784 1452 3853 ad
1503 3785 1653 3873 ejus
1688 3806 1992 3854 amorem
2042 3806 2113 3854 se
2155 3795 2382 3873 posset
2431 3783 2737 3883 amplius

189 3873 514 3944 excitare.
574 3875 667 3941 Ea
715 3870 1015 3961 imagine
1063 3894 1226 3942 cum
1268 3873 1612 3944 interdum
1666 3873 2097 3944 benediceret
2136 3872 2512 3974 languidiS,
2546 3871 2734 3942 illico

190 3960 648 4042 curabantur,
684 3961 783 4040 uti
826 3961 1032 4029 etiam
1094 3961 1589 4032 miraculorum
1644 3963 1891 4031 virtute
1935 3963 2206 4032 cunctis
2255 3973 2731 4042 innotesceret,

192 4050 283 4119 ad
335 4062 665 4136 quantam
717 4049 1116 4118 meritorum
1167 4049 1645 4122 celsitudinem
1701 4050 1817 4120 illa
1860 4051 2006 4138 jam
2062 4050 2500 4140 pervenisset,
2560 4070 2738 4136 quae

191 4137 483 4207 ferventi
511 4160 744 4207 amore
777 4138 1077 4219 incitata,
1117 4137 1297 4209 hanc
1333 4140 1563 4211 Matris
1595 4139 1711 4209 Dei
1748 4139 2122 4229 imaginem
2156 4136 2396 4209 sedulo
2431 4139 2737 4208 circum·
2768 4222 2770 4225 Α

193 4225 429 4294 ferret.
478 4228 870 4297 Passionem
913 4247 1187 4314 quoque
1245 4229 1514 4298 Domini
1566 4227 1933 4298 Salvatoris
1979 4229 2238 4315 quanta
2289 4227 2504 4296 animi
2535 4225 2739 4296 devo-

197 4313 383 4384 tione
434 4315 499 4382 in
543 4337 667 4385 suo
719 4329 985 4405 pectore
1032 4316 1337 4398 versarit,
1390 4316 1495 4386 vel
1548 4316 1706 4385 inde
1756 4331 2132 4404 utcumque
2179 4316 2414 4406 colligi
2461 4326 2684 4472 potest
2716 4372 2731 4397 ,

195 4401 382 4489 quod
425 4402 626 4473 etiam
661 4426 767 4474 res
801 4405 1147 4487 minimaS,
1186 4427 1362 4493 quae
1391 4407 1792 4495 mysterium
1842 4406 2228 4475 Dominicae
2267 4404 2455 4476 eruci
2485 4403 2736 4474 lxionis
