3347 4999
160 321 332 387 OCT.
389 322 427 385 4
1027 338 1104 383 m:
1153 337 1208 382 s.
1264 336 1607 385 rameisco
1655 337 1838 385 conr.
2499 322 2616 385 ¹53

159 422 599 492 devotissime
648 421 1018 511 jejunabat.
1062 420 1405 509 Angelicis
1454 420 1840 510 spiritibu5‚
1879 420 2283 512 ardentibus
2318 422 2476 511 igne
2513 422 2704 493 miri-

156 510 289 581 fico
322 511 406 580 ad
444 494 913 580 excedendum
946 509 1016 577 in
1048 513 1286 587 Deum,
1319 522 1384 578 et
1421 508 1793 578 electorum
1830 509 2097 577 animas
2131 509 2696 591 inflammandaS,

151 599 636 689 inseparabilis
697 612 842 668 erat
908 598 1164 667 amoris
1213 596 1492 667 vinculo
1538 597 1905 689 copulatus
1939 651 1959 676 ,
2015 608 2080 665 et
2139 598 2224 666 ob
2274 597 2700 669 devotionem

147 689 489 778 ipsorum,
545 690 633 757 ab
672 687 1155 777 Assumptione
1203 686 1504 777 Virginis
1552 685 1892 777 gloriosae
1947 685 2409 775 quadraginta
2458 687 2707 760 diebus

136 778 491 867 jejunanS,
530 777 824 846 orationi
846 775 1106 865 jugiter
1147 775 1526 845 insistebat.
1568 781 1769 845 Beato
1801 786 2031 844 autem
2055 774 2367 844 Michaeli
2403 776 2705 846 Archan-

143 866 327 956 gelo‚
387 887 466 936 eo
525 865 711 954 quod
773 865 1168 934 animarum
1221 863 1960 954 rep'raesentandarum
2027 861 2305 933 haberet
2363 863 2699 947 officium,

144 954 501 1045 spirituali
550 966 694 1023 erat
741 974 974 1023 amore
1022 952 1363 1033 devotior,
1420 965 1697 1043 propter
1748 950 2090 1021 fervidum
2140 973 2368 1038 quem.
2412 953 2708 1024 habebat

143 1044 372 1114 zelum
418 1044 502 1112 ad
553 1042 844 1112 salutem
880 1042 1194 1111 omnium
1238 1041 1756 1112 salvandorum.
1793 1045 1885 1110 Ex
1927 1039 2405 1110 recordatione
2434 1046 2711 1112 Sancto-

143 1155 307 1202 rum
359 1133 699 1212 omnium,
736 1144 1088 1217 tamquam
1129 1130 1440 1220 lapidum
1486 1131 1886 1220 ignitorum,
1933 1129 2004 1197 in
2056 1128 2386 1199 Deisicum
2444 1131 2700 1199 recale-

144 1221 386 1292 scebat
434 1221 863 1303 incendium3
917 1219 1269 1308 Apostolos
1299 1241 1562 1301 omneS,
1598 1232 1664 1288 et
1694 1218 2061 1308 praecipue
2101 1223 2373 1288 Petrum
2426 1232 2493 1288 et
2526 1225 2700 1290 Pau-

145 1309 325 1390 lum,
370 1332 490 1400 pro
546 1322 645 1379 ter
692 1308 1024 1378 fervidam
1053 1307 1481 1387 charitatem,
1519 1328 1731 1394 quam
1760 1306 2154 1376 habuerunt
2192 1307 2276 1376 ad
2321 1307 2693 1388 Christum,

144 1420 430 1468 summa
527 1398 834 1468 evotione
881 1395 1357 1486 complexans,
1413 1397 1498 1466 ob
1546 1417 1846 1484 quorum
1898 1395 2345 1465 reverentiam
2397 1410 2461 1465 et
2510 1419 2701 1466 amo-

143 1509 322 1567 rem,
377 1486 957 1577 Quadragesimae
993 1484 1313 1575 specialis
1354 1486 1700 1574 ‚jejunium
1755 1484 2040 1553 Domino
2090 1483 2476 1555 dedicabat.

244 1579 279 1663 ξ
329 1582 476 1649 61.
533 1581 674 1645 Non
743 1575 1040 1645 habebat
1085 1574 1272 1644 aliud
1329 1574 1574 1643 Christi
1645 1578 1934 1661 Pauper,
2005 1573 2139 1643 nisi
2192 1573 2330 1642 duo
2381 1575 2690 1650 minuta,

150 1685 411 1755 corpus
452 1664 713 1734 scilicet
757 1676 823 1733 et
861 1663 1195 1742 animam,
1234 1662 1416 1750 quod
1516 1674 1698 1732 osset
1731 1660 1996 1731 liberali
2045 1661 2377 1731 charitate
2426 1663 2694 1752 largiri.

149 1752 277 1823 Sed
331 1751 461 1823 hoc
498 1775 617 1843 per
649 1773 952 1821 amorem
989 1751 1235 1821 Christi
1268 1751 1368 1821 sic
1414 1774 1453 1821 o
1508 1752 1739 1822 erebat
1773 1751 2120 1828 continue,
2160 1764 2239 1821 ut
2269 1753 2470 1838 quasi
2505 1752 2698 1821 omni

152 1853 461 1932 tempore
498 1863 617 1932 per
666 1841 960 1930 rigorem
978 1840 1232 1941 jejunii
1263 1862 1539 1930 corpuS,
1566 1852 1629 1908 et
1684 1861 1802 1928 per
1848 1838 2162 1909 ardorem
2201 1839 2524 1909 desiderii
2557 1841 2700 1930 spi-

150 1931 361 1999 ritum
408 1929 817 2010 immolaret,
854 1940 1150 1998 exterius
1200 1929 1266 1998 in
1318 1929 1491 1999 atrio
1541 1929 1943 1998 sacrificans
1976 1927 2483 2009 holocaustum,
2530 1930 2697 1998 etin

148 2017 406 2106 templo
456 2019 746 2087 interius
778 2021 1231 2089 cbncremans
1280 2017 1688 2107 thymiama.
1718 2017 1825 2086 Sic
1874 2030 2101 2087 autem
2137 2039 2294 2087 eum
2342 2018 2700 2087 charitatis

152 2108 496 2176 excessiva
534 2105 799 2176 devotio
846 2128 1123 2176 sursum
1164 2107 1228 2175 in
1268 2105 1503 2175 divina
1553 2105 1833 2185 ferebat,
1879 2118 1953 2173 ut
1979 2106 2289 2193 eiusdem
2327 2107 2698 2176 affectuosa

146 2193 563 2284 benignitas,
622 2195 706 2264 ad
759 2210 1045 2265 naturae
1076 2208 1426 2265 consortes
1465 2208 1531 2263 et
1578 2195 1838 2284 gratiae
1864 2193 2201 2265 dilataret.
2241 2199 2454 2277 Quem
2501 2196 2688 2263 euim

153 2284 491 2353 creaturis
538 2283 819 2353 caeteris
868 2305 1274 2374 germanum
1312 2285 1527 2374 pietas
1565 2283 1795 2353 cordis
1844 2282 2194 2363 effecerat,
2253 2284 2504 2353 mirum
2562 2305 2698 2353 non

150 2386 276 2453 est,
306 2372 365 2442 si
389 2372 718 2443 Creatoris
743 2372 1092 2462 insignitis
1131 2372 1451 2463 imagine,
1487 2386 1552 2441 et
1585 2372 1926 2462 sanguine
1958 2371 2329 2462 redemptis
2358 2373 2691 2452 Auctoris,

151 2462 655 2552 germaniorem
699 2461 943 2532 Christi
994 2461 1295 2532 charitas
1341 2461 1654 2532 faciebat.
1711 2466 1851 2531 Non
1905 2482 1976 2530 se
2041 2461 2286 2531 Christi
2339 2461 2699 2552 reputabat

150 2551 479 2632 amicum,
537 2551 670 2620 nisi
710 2552 980 2621 animas
1013 2550 1285 2631 foveret,
1320 2550 1634 2638 quasille
1669 2550 1980 2620 redemit.
2037 2550 2252 2621 Saluti
2300 2552 2691 2621 animarum

151 2638 322 2707 nihil
377 2636 899 2727 praeferendum
940 2661 1088 2709 esse
1130 2639 1423 2720 dicebat,
1476 2661 1555 2709 eo
1597 2639 1893 2710 maxime
1936 2639 2257 2727 probans,
2311 2639 2494 2726 quod
2539 2640 2699 2708 Uni—

147 2728 423 2816 genitus
475 2730 584 2798 Dei
629 2750 752 2818 pro
784 2728 1153 2798 animabus
1191 2728 1520 2819 dignatus
1548 2727 1756 2798 fuerit
1799 2728 1864 2796 in
1917 2734 2130 2798 Cruce
2165 2728 2484 2817 pendere.
2522 2730 2696 2796 Hinc

145 2816 277 2885 sibi
328 2816 396 2885 in
446 2818 752 2887 oratione
786 2817 1156 2897 luctamen,
1195 2818 1263 2886 in
1308 2817 1815 2907 praedicatione
1842 2816 2229 2897 discursuS,
2274 2829 2339 2886 et
2387 2817 2454 2885 in
2484 2836 2700 2884 exem·

144 2903 280 2993 plis
314 2904 565 2976 dandis
611 2927 954 2976 excessus.
1031 2905 1222 2976 Unde
1268 2907 1538 2993 quoties
1605 2906 1970 2977 austeritas
2045 2904 2259 2973 nimia
2325 2903 2696 2995 reprehen-

144 2993 420 3063 deretur
469 2995 539 3062 in
590 2996 765 3085 ipsc,
820 2994 1278 3084 respondebat
1326 3018 1398 3065 se
1438 2995 1676 3064 datum
1714 2993 1869 3063 aliis
1921 2992 1988 3061 in
2040 2992 2458 3082 exemplum.
2517 2992 2695 3063 Licet

140 3083 328 3151 enim
367 3082 697 3152 innocens
729 3084 883 3169 ejus
930 3105 1113 3164 carc,
1165 3105 1343 3170 quae
1384 3084 1526 3172 jam
1582 3105 1654 3151 se
1705 3094 1947 3172 sponte
2002 3080 2340 3152 subdebat
2387 3081 2689 3172 spiritui,

142 3170 339 3240 nullo
377 3184 651 3261 propter
696 3172 995 3242 offensas
1042 3174 1269 3263 egeret
1316 3171 1613 3263 flagellO,
1648 3183 1873 3239 tamen
1916 3169 2449 3260 exemplicausa
2499 3192 2693 3240 reno-

139 3260 348 3328 vabat
396 3260 496 3328 illi
547 3282 800 3348 poenas
846 3273 912 3330 et
957 3282 1191 3342 onera,
1257 3260 1653 3332 custodiens
1705 3270 1982 3349 propter
2028 3258 2200 3329 alios
2258 3259 2402 3329 vias
2448 3260 2687 3329 duras,

140 3348 418 3417 Dicebat
463 3350 686 3417 enim:
733 3350 864 3419 «Si
916 3350 1175 3440 linguis
1227 3350 1585 3419 hominum
1641 3348 1887 3435 loquar
1930 3358 1996 3416 et
2028 3347 2476 3449 Angelorum,
2529 3348 2689 3418 cha-

140 3437 409 3505 ritatem
460 3449 686 3506 autem
726 3439 789 3505 in
825 3439 1084 3528 meipso
1126 3461 1259 3508 non
1298 3438 1613 3513 habeam,
1651 3450 1719 3506 et
1754 3436 2081 3525 proximis
2103 3450 2432 3507 virtutum
2464 3458 2690 3507 exem-

140 3525 253 3614 pla
294 3547 423 3595 non
465 3539 861 3605 monstrem,
921 3548 1160 3617 parum
1204 3548 1486 3618 prosum
1520 3525 1701 3606 aliis,
1745 3524 1915 3594 mihi
1969 3524 2170 3594 nihil.
2211 3550 2247 3593 »

230 3615 266 3699 ἓ
308 3618 472 3685 (32.
530 3614 833 3684 Ferventi
869 3637 1145 3703 quoque
1192 3615 1549 3685 charitatis
1597 3614 1919 3684 incendio
1985 3613 2363 3703 gloriosum
2423 3629 2692 3684 sancto-

141 3724 299 3771 rum
355 3716 733 3793 martyrum
773 3705 1255 3776 aemulabatur
1316 3703 1780 3793 triumphum,
1837 3703 1906 3771 in
1957 3702 2212 3790 quibus
2263 3724 2388 3773 nec
2436 3703 2693 3773 amoris

139 3791 422 3860 flamma
470 3792 803 3882 extingui,
844 3814 969 3863 nec
998 3792 1345 3862 ,fortitudo
1378 3791 1597 3883 potuit
1647 3792 2013 3861 infirmari.
2071 3791 2508 3862 Desiderabat
2540 3814 2692 3882 pro-

140 3893 371 3969 pterea
419 3893 484 3949 et
531 3881 704 3971 ipse,
757 3880 875 3950 illa
909 3881 1206 3972 perfecta
1241 3881 1572 3951 charitate
1621 3902 2025 3961 succensuS,
2060 3901 2237 3968 quae
2270 3879 2452 3950 foras
2488 3881 2694 3950 mittit

143 3969 482 4050 timorem,
543 3991 660 4058 per
711 3970 1022 4059 martyrii
1073 3970 1452 4049 flammam,
1509 3969 1803 4040 hostiam
1860 3968 2146 4039 Domino
2194 3990 2267 4040 se
2317 3970 2561 4039 offerre
2592 3969 2690 4038 vi·

138 4073 435 4138 ventem,
499 4072 574 4127 ut
619 4070 684 4126 et
732 4058 945 4126 vicem
998 4058 1264 4128 Christo
1317 4080 1438 4148 pro
1485 4059 1687 4129 nobis
1746 4058 2066 4127 morienti
2127 4057 2574 4148 rependeret,
2627 4073 2694 4129 et

144 4144 227 4213 ad
278 4145 589 4215 divinum
643 4167 947 4216 amorem
1000 4160 1302 4216 caeteros
1349 4160 1770 4235 provocaret.
1829 4152 2025 4219 Sexto
2062 4168 2362 4232 namque
2410 4167 2691 4217 conver-

143 4234 358 4302 sionis
393 4256 555 4305 suae
611 4257 817 4316 anno,
858 4234 1199 4304 desiderio
1250 4237 1563 4326 martyrii
1626 4234 1952 4326 flagrans,
2007 4235 2088 4304 ad
2154 4236 2684 4335 praedicandam

149 4320 353 4390 fidem
399 4323 852 4393 Christianam
906 4338 968 4393 et
1049 4325 1488 4394 oenitentiam
1527 4324 1909 4403 SaraceniS,
1944 4336 2008 4392 et
2051 4323 2207 4393 aliis
2258 4323 2681 4403 infidelibuS,

144 4409 228 4478 ad
267 4424 490 4499 partes
532 4413 758 4500 Syriae
795 4346 1227 4483 transfretare
1256 4412 1620 4504 disposuit.
1662 4417 1966 4499 Cumque
2005 4434 2241 4482 navem
2277 4411 2676 4499 quamdam,
