3347 4999
787 337 914 400 528
1533 355 1608 399 na
1656 356 1712 399 s.
1758 352 1912 399 Luca
1964 351 2384 399 avanssamsu
2909 334 3057 399 OCT.
3090 336 3163 398 ’48

700 438 1154 527 interpretans
1219 436 1387 528 ipsis
1433 458 1513 507 ea
1558 459 1735 526 quae
1782 437 1865 506 de
1907 437 2169 507 Christo
2208 448 2443 516 erant,
2499 448 2563 507 et
2617 437 2967 507 ostendens
3009 450 3160 507 vetus

700 528 1235 596 instrumentum
1274 527 1557 596 omnino
1586 548 1968 597 consonum
2009 548 2158 595 esse
2192 548 2384 606 nov0‚
2435 548 2792 614 unumque
2832 540 2893 597 et
2921 527 3160 596 eundem

698 639 847 686 esse
884 621 1117 696 Deum,
1172 617 1292 704 qui
1333 629 1397 685 et
1448 616 1571 686 hoc
1618 629 1683 687 et
1732 616 1903 690 illud
1955 627 2303 693 statuerat,
2351 614 2595 704 plenus
2633 617 2777 705 jam
2808 616 3047 686 dierum
3087 616 3160 683 ef-

700 705 936 784 fectuS,
1015 706 1187 774 redit
1236 707 1302 774 in
1356 727 1520 795 pace
1567 705 1649 775 ad
1708 711 1911 774 Deum
1982 705 2201 795 paciS,
2273 704 2548 795 pulvere
2617 705 2892 793 quidem
2954 705 3160 796 pulveri

703 794 956 874 relicto,
1010 795 1241 863 anima
1290 817 1444 863 vero
1496 795 1560 863 in
1616 795 1939 864 manibus
1985 795 2157 882 ejuS‚
2210 795 2327 881 qui
2368 794 2668 875 dederat,
2722 795 3157 872 commendata,

703 884 865 953 illuc
901 884 1265 964 transienS,
1299 884 1422 952 ubi
1464 885 1647 974 regio
1678 897 1779 954 est
1828 883 2222 963 viventium,
2261 884 2375 952 ubi
2428 906 2640 955 sonus
2671 884 2839 955 festa
2871 883 3158 953 celebran-

702 975 900 1053 tium,
958 972 1077 1041 ubi
1130 973 1535 1043 inhabitatio
1580 986 1683 1042 est
1727 974 2037 1043 omnium
2107 973 2531 1043 laetantium.
2593 974 2989 1063 Hujusmodi
3039 984 3159 1041 sunt

702 1064 1155 1131 certaminum
1215 1062 1512 1153 Apostoli
1565 1085 1685 1153 pro
1735 1063 1980 1153 pietate
2031 1062 2499 1133 narrationes:
2554 1062 2665 1132 hic
2715 1063 2844 1132 fuit
2891 1064 2907 1130 i
2958 1063 3010 1131 si
3051 1061 3164 1129 finis

704 1152 1014 1221 laborum
1066 1172 1170 1219 iro
1202 1152 1466 1222 Christo
1510 1173 2012 1242 perpessorum,
2056 1173 2349 1238 quorum
2385 1153 2587 1222 etiam
2625 1153 2910 1243 manipu
2938 1174 3003 1220 oe.
3027 1172 3161 1219 nunc

705 1242 893 1310 metit
928 1241 993 1309 in
1074 1241 1324 1321 aetitia,
1381 1241 1471 1310 ita
1519 1254 1593 1311 ut
1642 1242 1856 1332 possit
1902 1253 1966 1310 et
2006 1241 2149 1330 ipse
2196 1263 2353 1310 cum
2399 1240 2605 1311 Paulo
2652 1240 2920 1311 dicere:
2971 1247 3164 1310 Bonum

702 1342 1033 1400 certamen
1073 1333 1348 1410 certavi,
1390 1354 1656 1399 cursum
1690 1332 2164 1407 consummavi,
2201 1331 2399 1421 fidem
2423 1334 2732 1401 servavi:
2755 1342 3020 1423 propter
3039 1350 3164 1420 quae

701 1422 993 1511 reposita
1039 1430 1133 1489 est
1158 1420 1333 1488 mihi
1358 1442 1597 1489 corona
1632 1421 1949 1510 justitiae
1978 1421 2075 1507 (2.
2119 1423 2278 1488 Tim.
2319 1420 2434 1509 lv).

790 1512 827 1596 ξ
872 1513 949 1580 2.
1004 1513 1480 1579 Verumtamen
1536 1508 1641 1580 his
1693 1531 1877 1579 nunc
1943 1529 2371 1596 consequens
2435 1531 2582 1579 esse
2638 1509 2885 1600 opinor
2942 1507 3163 1579 mentio-

704 1620 858 1667 nem
913 1599 1152 1679 facere,
1208 1597 1392 1667 unde
1423 1611 1487 1668 et
1532 1598 1899 1687 quomodo,
1952 1598 2286 1686 quibusve
2335 1621 2498 1668 sane
2546 1601 2966 1689 temporibus
2994 1615 3163 1666 sacrae

703 1688 914 1777 hujus
962 1687 1288 1775 reliquiae
1334 1709 1413 1757 ex
1461 1689 1732 1777 Achaja‚
1787 1687 1991 1757 veluti
2041 1688 2319 1759 divinus
2379 1687 2658 1775 quidam
2714 1690 3059 1759 thesaurus
3095 1706 3164 1753 re·

708 1789 1011 1867 portatae
1041 1778 1201 1856 sint,
1240 1790 1305 1846 et
1343 1776 1566 1846 clarae
1596 1800 1676 1847 ac
1703 1777 1925 1866 regiae
1964 1776 2217 1846 civitati
2271 1776 2593 1846 redditae.
2632 1780 3165 1861 Transibatquon·

703 1865 860 1935 dam
904 1889 943 1934 a
993 1867 1239 1935 Sirmio
1288 1865 1372 1934 ad
1430 1871 1681 1936 Istrum
1734 1866 2192 1945 Constantius,
2248 1868 2663 1937 Constantini
2717 1868 2939 1958 Magni
2990 1865 3163 1935 filius,

705 1956 820 2025 sed
865 1955 1150 2025 fratrum
1201 1955 1475 2027 tertius:
1514 1969 1718 2043 atque
1766 1955 1848 2024 ad
1904 1955 2077 2025 hanc
2127 1955 2282 2027 Istri
2347 1956 2563 2046 ripam
2620 1978 2750 2026 non
2807 1957 3002 2046 longo
3047 1969 3165 2020 tem·
3259 1964 3260 1967 ’

708 2066 866 2135 pore
906 2056 1465 2125 castrametatUS‚
1532 2045 1796 2115 audivit
1844 2045 2196 2127 BarbarOS,
2263 2045 2380 2132 qui
2434 2045 2613 2114 ultra
2677 2051 2924 2115 Istrum
2981 2053 3163 2112 erant.

703 2134 1144 2203 conflicturos
1178 2155 1336 2203 cum
1373 2138 1836 2205 Romanorum
1903 2134 2341 2224 principatu:
2386 2147 2448 2203 et
2499 2135 2642 2224 ipse
2689 2133 3074 2211 formidans,
3115 2149 3169 2195 ne

703 2224 870 2310 quid
908 2223 1069 2293 mali
1114 2223 1180 2291 in
1223 2245 1348 2293 suo
1383 2223 1774 2313 principatu
1822 2224 2139 2304 facerent,
2195 2223 2550 2292 confestim
2602 2223 2684 2293 ad
2737 2222 3073 2293 Thraciam
3111 2237 3163 2318 ρο

706 2312 1102 2401 Byzantium
1153 2311 1500 2398 equitavit.
1556 2318 1858 2400 Cumque
1890 2313 1972 2382 ad
2029 2312 2369 2402 regionem
2407 2312 2833 2382 Odrisiorum
2891 2329 3167 2402 pervenisj

706 2414 827 2481 set,
880 2402 999 2470 ubi
1065 2399 1403 2471 Adrianus
1452 2406 1914 2472 Romanorum
1993 2407 2368 2490 Imperator
2414 2406 2716 2471 extructa
2759 2404 3056 2477 civitate,
3098 2415 3171 2463 sut

704 2489 1230 2580 appellationem
1274 2489 1420 2560 loco
1467 2489 1676 2574 dedit,
1715 2491 1976 2562 accedit
2021 2490 2104 2561 ad
2155 2514 2311 2560 eum
2347 2491 2625 2579 quidam
2665 2491 3052 2583 Episcopus»,
3078 2482 3173 2552 vel-

703 2580 805 2650 uti
844 2580 1099 2650 donum
1126 2579 1469 2667 quoddam
1506 2580 1639 2671 ipsi
1676 2582 2144 2671 gratissimum
2176 2581 2506 2661 deferens,
2543 2580 2848 2651 Andreae
2894 2604 2968 2650 ac
3013 2583 3175 2646 Lucae

706 2670 952 2739 Christi
1023 2669 1523 2760 discipulorum
1596 2692 1882 2760 corpora
1932 2670 2247 2740 indicans
2299 2671 2363 2738 in
2416 2671 2663 2761 Achaja
2726 2692 2879 2740 esse
2932 2665 3167 2757 sepulta.

707 2765 910 2830 Porro
957 2758 1073 2828 ille
1119 2771 1183 2828 et
1246 2759 1502 2828 nuncio
1550 2760 1828 2850 gavisus
1859 2773 1982 2842 est,
2035 2772 2100 2829 et
2145 2761 2543 2840 Artemium,
2587 2782 2723 2847 quo
2759 2760 3044 2829 maxime
3068 2766 3173 2851 ute·

703 2849 927 2929 batur,
980 2861 1046 2918 et
1089 2869 1293 2935 quem
1346 2848 1602 2919 sciebat
1650 2847 1987 2918 fervidum
2038 2861 2408 2918 amatorem
2459 2848 2814 2919 charitatis
2846 2870 2999 2939 erga
3033 2844 3170 2938 Chri·

705 2949 885 3007 stum
918 2936 953 2973 ’⁴‘
982 2937 1369 3027 (attestatur
1416 2959 1570 3007 vero
1600 2936 1913 3007 divinum
1958 2937 2166 3028 hujus
2206 2959 2506 3007 amorem
2548 2950 2892 3009 certamen
2943 2959 3014 3007 ac
3049 2950 3174 3024 pert·

704 3026 965 3107 culum,
1012 3040 1142 3096 tem
1201 3026 1436 3097 oribus
1484 3026 1746 3096 Juliani
1814 3036 2089 3117 propter
2136 3025 2476 3097 Christum
2529 3027 2981 3116 susceptum).
3029 3027 3173 3092 Hunc

702 3137 863 3205 ergo
913 3128 1097 3185 tanto
1171 3137 1403 3185 ervore
1452 3138 1574 3206 pro
1625 3116 1869 3207 pietate
1916 3116 2290 3205 spirantem
2343 3115 2641 3185 amicum
2699 3104 3171 3207 Artemiuin,31d

710 3205 1157 3293 pretiosorum
1236 3227 1597 3294 corporum
1686 3205 2149 3275 reductionem
2210 3204 2562 3275 confestim
2628 3205 2900 3274 emittit.
2975 3208 3174 3297 Etenim

703 3306 845 3362 erat
886 3293 997 3362 hic
1046 3294 1478 3363 Constantius
1524 3307 1588 3364 et
1646 3296 1712 3362 in
1774 3295 2058 3363 caeteris
2113 3294 2524 3375 moderatus,
2579 3308 2642 3362 et
2691 3294 3000 3364 moribus
3043 3299 3177 3384 mitt-³

704 3404 782 3448 ac
834 3380 1203 3460 modestus,
1257 3405 1335 3451 ac
1387 3403 1635 3470 magno
1685 3382 2054 3451 admodum
2087 3383 2268 3452 circa
2316 3382 2760 3452 ecclesiarum
2815 3379 3176 3452 aedificatio-

704 3491 856 3537 nem
888 3492 1117 3538 amore
1162 3485 1560 3561 occupatus.
1612 3471 1799 3540 Unde
1845 3471 2045 3541 etiam
2100 3470 2183 3540 ad
2240 3472 2452 3573 patris
2500 3472 2608 3541 sui
2664 3472 2998 3541 civitatem
3043 3464 3176 3533 circa

707 3558 894 3628 illius
944 3558 1387 3648 sepulcrum,
1458 3559 1664 3629 veluti
1718 3561 2009 3630 reddens
2088 3573 2257 3648 patri
2328 3561 2687 3638 honorem,
2757 3559 3072 3649 templum
3116 3549 3176 3617 ab

705 3647 875 3737 ipsis
916 3647 1381 3717 fundamentis
1430 3648 1806 3718 maximum
1860 3650 2209 3719 aedificat:
2267 3651 2333 3718 in
2384 3672 2522 3737 quo
2585 3650 2826 3730 etiam,
2880 3648 2995 3718 ubi
3041 3649 3176 3738 Arte·

705 3738 884 3807 mius
934 3760 1284 3807 sacrorum
1348 3738 1817 3828 Apostolorum
1897 3738 2219 3825 reliquias
2285 3761 2363 3808 ex
2420 3739 2665 3827 Achaja
2721 3737 3083 3810 retulisset,
3129 3749 3174 3824 ψ

703 3827 852 3914 ipso
899 3826 1131 3896 divino
1178 3827 1376 3896 altari
1421 3830 1611 3896 sacra
1664 3831 1898 3896 mensa
1977 3828 2312 3916 reposuit:
2367 3826 2668 3896 Andreae
2739 3826 3011 3915 quidem
3044 3843 3074 3889 e
3112 3839 3175 3884 ct·

701 3917 900 3985 vitate
932 3920 1392 3995 Patraeorum,
1441 3921 1658 3985 Lucae
1692 3930 1915 3985 autem
1952 3939 2030 3985 ex
2071 3917 2318 3986 Thebis
2351 3918 2659 3986 Boeotiae
2710 3914 3048 3986 translatis
3072 3928 3178 4011 cor·

706 4005 1009 4094 poribus,
1051 4010 1135 4075 Ac
1185 4006 1370 4074 brevi
1422 4019 1723 4094 tempore
1776 4005 2177 4074 intermedio
2225 4007 2427 4075 etiam
2480 4006 2935 4082 Timotheum,
2979 4022 3082 4088 qut
3124 4015 3169 4061 ιθ

701 4094 907 4163 choro
940 4095 1437 4183 discipulorum
1474 4094 1716 4163 Christi
1770 4095 1949 4164 velut
2003 4096 2363 4184 perspicua
2396 4093 2732 4182 quaedam
2773 4092 2965 4165 stella
2995 4113 3026 4158 s
3071 4086 3176 4156 len-

702 4182 964 4262 duerat‚
1021 4205 1099 4253 ex
1134 4184 1396 4275 Epheso
1447 4182 1646 4252 refert
1675 4185 1938 4264 Joniae,
1998 4184 2312 4253 ministro
2339 4206 2610 4272 quoque
2661 4204 2937 4253 rursum
2978 4202 3010 4247 a
3085 4175 3175 4264 hotf

698 4295 871 4341 usus
904 4274 1217 4343 Artemio.
1258 4273 1381 4342 Sed
1420 4273 1659 4342 habuit
1706 4286 1770 4342 et
1820 4274 2044 4364 ipsum
2098 4296 2332 4342 sacrae
2383 4296 2655 4343 mensae
2687 4273 2987 4340 ambitus
3017 4262 3176 4334 vetuu

705 4361 1099 4432 reddentem
1146 4362 1453 4432 debitum
1494 4361 1841 4449 quoddam
1881 4363 2149 4452 pietatis
2188 4363 2335 4432 suis
2384 4362 2925 4432 auxiliatoribus,
2981 4363 3173 4425 Verum

758 4490 781 4513 ‘
809 4491 994 4541 Supple:
1025 4490 1221 4530 vocavit.
