3347 4999
723 309 852 374 432
1541 327 1616 371 na
1665 326 1720 372 S.
1774 325 2034 372 mamm
2086 325 2250 373 νικας.
2854 308 3027 373 OCT.
3084 311 3167 374 -t5

634 423 711 481 ut
760 412 827 479 in
879 410 1306 481 orationibus
1352 421 1418 479 et
1463 409 1918 498 eleemosynis
1959 424 2489 500 perseverarent,
2531 425 2605 480 ut
2640 411 2706 479 in
2746 421 2928 480 tanto
2963 433 3170 501 opere

632 500 1029 587 exequendo
1078 498 1405 588 splendor
1457 499 1722 567 Domini
1776 500 1893 567 Dei
1929 500 2139 568 nostri
2174 512 2349 569 esset
2390 521 2597 588 super
2630 506 2784 578 Nos,
2830 500 2947 585 qui
2989 522 3170 589 opus

637 609 969 658 manuum
1024 599 1413 657 nostrarum
1475 587 1561 656 ad
1615 587 2099 676 perficiendam
2151 589 2301 677 ejus
2351 587 2764 658 voluntatem
2810 588 3166 678 dirigeret.

639 682 950 757 Demum,
997 676 1287 765 peractis
1326 675 1652 745 omnibus
1702 697 1878 761 quae
1908 698 1986 744 ex
2022 678 2236 746 sacris
2285 677 2892 746 constitutionibus
2922 701 3001 745 ac
3035 683 3175 746 Ro-

638 787 881 835 manae
937 764 1276 834 Ecclesiae
1331 764 1830 834 consuetudine
1886 766 2274 855 peragenda
2321 780 2537 843 erant,
2588 765 2786 835 hodie
2824 766 2889 833 in
2934 788 3175 835 sacro-

633 858 873 924 sancta
903 854 1244 943 Principis
1277 852 1747 941 Apostolorum
1786 852 2070 923 basilica
2100 875 2257 923 cum
2290 855 2793 924 venerabilibus
2834 855 3172 926 fratribus

636 944 886 1012 nostris
937 946 1002 1011 S.
1059 947 1134 1011 R.
1182 947 1251 1010 E.
1293 940 1795 1021 CardinalibuS,
1843 963 2101 1011 necnon
2142 943 2581 1019 Patriarchis,
2614 943 3170 1033 Archiepiscopis

637 1044 701 1101 et
735 1030 1113 1121 EpiscopiS‚
1149 1036 1629 1116 Romanaeque
1688 1030 1919 1100 curiae
1955 1031 2297 1120 praelatis,
2336 1031 2748 1102 officialibus
2779 1046 2842 1101 et
2872 1031 3173 1100 familia-

639 1121 833 1190 ribus
870 1121 1140 1199 nostris‚
1206 1119 1387 1189 clero
1426 1118 1719 1189 seculari
1777 1132 1841 1187 et
1894 1119 2216 1207 regulari,
2271 1142 2348 1190 ac
2401 1122 2698 1190 maxima
2763 1120 2995 1210 populi
3040 1121 3174 1189 fre-

636 1209 939 1296 quentia,
1018 1207 1497 1288 convenimus;
1552 1208 1695 1286 ubi,
1752 1209 2053 1297 repetitis
2105 1231 2224 1296 pro
2296 1209 2833 1278 canonizationis
2899 1208 3175 1278 decreto

641 1297 1086 1389 petitionibus
1163 1296 1441 1365 nomine
1519 1295 1828 1383 ejusdem
1889 1297 2231 1366 carissimi
2295 1299 2362 1365 in
2429 1299 2690 1367 Christo
2766 1297 2888 1367 filii
2955 1299 3175 1367 nostri

641 1386 939 1476 Philippi
1003 1385 1179 1475 regis
1233 1383 1549 1454 catholici
1617 1406 1655 1452 a
1720 1384 1966 1455 dilecto
2029 1384 2169 1454 filio
2230 1398 2458 1456 nostro
2519 1387 2857 1455 Ludovico
2919 1386 3173 1459 titulus

640 1488 914 1545 sanctae
979 1474 1224 1547 Mariae
1290 1473 1831 1563 Transpontinae
1897 1473 2235 1542 cardinali
2292 1474 2651 1545 Ludovisio
2719 1487 3167 1563 nuncupate,

640 1577 870 1634 nostro
921 1562 1303 1633 secundum
1364 1583 1639 1631 carnem
1693 1576 1958 1651 nepote,
2007 1584 2124 1651 per
2189 1563 2535 1632 Nicolaum
2588 1564 3168 1644 Zambeccarium‚

638 1652 1132 1722 consistorialis
1193 1650 1393 1720 aulae
1456 1663 1726 1720 nostrae
1790 1651 2191 1719 advocatum
2270 1652 2720 1739 praedictum.
2785 1652 3174 1722 decantatis

638 1743 853 1811 sacris
903 1741 1222 1831 precibus
1269 1752 1334 1809 et
1384 1738 1673 1817 litaniis,
1747 1762 1824 1808 ac
1886 1740 2181 1829 Spiritus
2251 1741 2477 1810 Sancti
2547 1741 2767 1841 gratia
2818 1740 3179 1810 humiliter

640 1829 1040 1919 implorata3
1097 1828 1179 1897 ad
1235 1828 1556 1896 honorem
1612 1838 1885 1897 sanctae
1932 1841 1996 1898 et
2045 1828 2439 1897 individuae
2478 1828 2849 1909 Trinitati·
2883 1842 2948 1899 et
2985 1829 3177 1900 Fidei

642 1919 1024 1987 Catholicae
1088 1915 1604 1996 exaltationem,
1660 1916 2058 1985 auctoritate
2129 1917 2616 2007 omnipotentis
2680 1919 2790 1986 Dei
2842 1919 3058 1987 Patris
3110 1932 3179 1991 et

643 2008 794 2076 Filii
842 2018 905 2075 et
945 2006 1238 2096 Spiritus
1280 2004 1529 2083 Sancti,
1573 2005 1921 2074 beatorum
1958 2004 2457 2093 Apostolorum,
2512 2028 2590 2075 ac
2640 2008 2894 2085 nostra,
2939 2006 3026 2075 de
3064 2028 3177 2077 ve-

644 2095 1056 2164 nerabilium
1092 2093 1376 2163 fratrum
1433 2105 1818 2163 nostrorum
1856 2107 2127 2163 sanctae
2164 2100 2507 2164 Romanae
2557 2094 2895 2164 Ecclesiae
2944 2095 3179 2164 Cardi-

641 2183 933 2265 nalium,
997 2182 1571 2263 Patriarcharum,
1610 2182 2319 2273 Archiepiscoporum,
2382 2184 2869 2271 Episcoporum
2924 2184 2990 2251 in
3045 2189 3178 2254 Ro-

644 2276 846 2341 mana
886 2272 1080 2340 curia
1110 2271 1568 2360 praesentium
1599 2271 1888 2340 consilio
1917 2294 1996 2340 ac
2026 2271 2343 2340 unanimi
2374 2293 2740 2352 consensu,
2781 2272 2999 2342 bonae
3031 2296 3177 2342 me-

646 2361 900 2428 moriae
925 2361 1260 2430 Teresiam
1298 2359 1627 2448 virginem
1665 2357 1748 2428 de
1783 2359 2020 2437 Abula,
2053 2359 2136 2428 de
2163 2360 2363 2448 cujus
2390 2360 2561 2429 vitae
2593 2361 2971 2442 sanctitate,
3012 2361 3178 2431 fidei

641 2448 1050 2528 sinceritate,
1090 2461 1153 2519 et
1187 2447 1676 2518 miraculorum
1715 2447 2112 2518 excellentia
2145 2448 2344 2539 plene
2392 2450 2747 2521 constabat
2780 2462 2843 2519 et
2877 2463 3172 2533 constat,

643 2537 954 2607 Sanctam
976 2560 1122 2608 esse
1147 2537 1609 2612 definivimus,
1637 2560 1716 2606 ac
1746 2542 2147 2607 Sanctarum
2184 2538 2537 2628 virginum
2572 2539 2878 2629 catalogo
2909 2539 3179 2609 adscri-

642 2627 932 2695 bendam
963 2627 1412 2705 decrevimus,
1453 2638 1651 2713 prout
1689 2627 2146 2714 praesentium
2178 2639 2405 2695 tenore
2432 2626 2827 2706 definimu5‚
2863 2628 3179 2697 decerni-

642 2738 795 2786 mus
827 2727 891 2785 et
939 2714 1442 2793 adscribimus,
1500 2713 1824 2802 illamque
1874 2716 2230 2786 universos
2280 2715 2762 2785 christifideles
2817 2729 3175 2802 tamquam

641 2827 791 2873 vere
821 2809 1138 2874 Sanctam
1169 2804 1501 2872 honorare
1527 2814 1590 2870 et
1615 2804 1920 2872 venerari
1952 2804 2435 2874 mandavimus
2464 2816 2527 2873 et
2558 2805 2996 2884 mandamuS,
3033 2818 3176 2875 sta-

641 2906 904 2963 tuentes
957 2905 1031 2962 ut
1084 2892 1169 2961 ab
1224 2891 1596 2961 universali
1667 2891 1968 2961 Ecclesia
2032 2893 2097 2959 in
2159 2893 2308 2981 ejus
2360 2892 2685 2961 honorem
2738 2893 3070 2963 ecclesiae
3111 2907 3180 2963 et

640 2982 903 3066 altaria,
963 2982 1031 3050 in
1094 2981 1351 3068 quibus
1400 2980 1740 3049 sacrificia
1800 2985 1929 3049 Deo
1984 2981 2378 3061 offerantur,
2438 2980 2791 3054 aedificari
2832 2996 2894 3051 et
2934 3005 3180 3051 conse-

638 3073 838 3150 crari,
877 3083 941 3140 et
980 3069 1278 3160 singulis
1309 3069 1510 3138 annis
1557 3069 1668 3138 die
1722 3075 1761 3138 ὃ
1800 3068 2097 3138 octobris
2151 3091 2288 3156 quo
2342 3069 2427 3139 ad
2472 3070 2826 3139 coelestem
2879 3069 3178 3161 gloriam

643 3160 971 3229 translata
999 3172 1121 3238 est,
1156 3159 1307 3245 ejus
1343 3156 1686 3238 Officium,
1726 3170 1797 3226 ut
1825 3157 1907 3226 de
1939 3163 2182 3228 Sancta
2219 3158 2512 3248 Virgine,
2545 3159 2627 3226 ad
2672 3160 3179 3250 praescriptum

640 3250 906 3317 romani
944 3248 1259 3316 breviarii
1300 3246 1630 3315 celebrari
1675 3247 1915 3346 possit.

730 3339 764 3422 ξ
813 3341 965 3409 19.
1003 3335 1388 3421 Eademque
1434 3347 1837 3404 auctoritate
1870 3336 2193 3405 omnibus
2222 3335 2792 3406 christifidelibus
2824 3358 2975 3405 vere
3016 3359 3180 3426 poe·

642 3424 1019 3493 nitentibus
1064 3435 1129 3492 et
1176 3422 1528 3503 confessiS‚
1574 3424 1695 3510 qui
1725 3423 1927 3492 annis
1970 3423 2267 3512 singulis
2301 3424 2537 3493 eodem
2582 3424 2749 3494 sesto
2798 3425 2906 3494 die
2939 3425 3024 3494 ad
3070 3448 3185 3495 se·

639 3511 984 3601 pulcrum,
1039 3512 1107 3580 in
1151 3533 1287 3597 quo
1319 3533 1569 3602 corpus
1629 3513 1778 3601 ejus
1838 3512 2220 3598 requiescit,
2272 3513 2689 3582 visitandum
2733 3513 3177 3596 accesserint,

634 3623 856 3669 unum
907 3622 1165 3669 annum
1229 3613 1293 3668 et
1342 3622 1550 3668 unam
1594 3601 1855 3687 quadra
1908 3623 2135 3682 enam;
2191 3602 2276 3669 iis
2314 3624 2491 3682 vero,
2544 3603 2666 3688 qui
2734 3603 2799 3672 in
2861 3602 3182 3692 ejusdem

638 3690 787 3758 festi
829 3693 1087 3769 octava,
1135 3688 1593 3778 quadraginta
1644 3688 1791 3758 dies
1896 3712 1931 3758 e
1983 3687 2309 3776 injunctis
2358 3691 2458 3760 eis
2507 3712 2631 3759 seu
2663 3692 3186 3778 quomodolibet

634 3778 884 3847 debitis
922 3777 1357 3867 poenitentiis
1410 3777 1942 3847 misericorditer
2000 3779 2067 3845 in
2134 3779 2415 3848 Domino
2467 3779 2921 3849 relaxavimus
2955 3802 3033 3849 ac
3074 3802 3185 3849 re-

641 3868 977 3937 laxamuS.
1038 3872 1377 3935 Postremo
1426 3865 1665 3952 gratiis
1718 3871 1847 3936 Deo
1895 3868 2088 3947 actiS‚
2153 3867 2334 3954 quod
2398 3868 2766 3937 Ecclesiam
2825 3891 3021 3937 suam
3076 3869 3187 3938 in-

639 3958 826 4046 signi
892 3957 1041 4034 hoc,
1082 3976 1392 4041 novoque
1449 3951 1779 4024 luminari
1821 3954 2165 4025 illustrare
2204 3956 2528 4043 dignatus
2577 3969 2776 4036 esset,
2818 3957 3188 4028 decantata

648 4045 716 4112 in
769 4057 1042 4114 sanctae
1091 4045 1394 4113 Teresiae
1457 4043 1783 4113 honorem
1848 4043 2137 4113 solemni
2197 4049 2598 4115 Sanctarum
2636 4046 2993 4136 virginum
3030 4069 3189 4116 ora-

648 4134 851 4208 tione,
897 4134 982 4202 ad
1026 4133 1235 4202 altare
1271 4133 1605 4222 Principis
1655 4133 2127 4222 Apostolorum
2172 4133 2443 4204 Missam
2481 4133 2980 4204 celebravimus
3014 4159 3188 4206 cum

649 4221 954 4309 ejusdem
993 4226 1276 4291 Sanctae
1315 4221 1611 4312 Virginis
1658 4222 2329 4304 commemoratione,
2383 4223 2845 4310 omnibusque
2905 4224 3191 4295 christi-

650 4309 972 4379 fidelibus
1003 4323 1166 4380 tunc
1220 4311 1695 4411 praesentibus
1747 4311 2121 4400 plenariam
2172 4311 2485 4382 omnium
2533 4324 2971 4401 peccatorum
3024 4335 3191 4384 suo-

647 4397 1352 4489 rumindulgentiam
1391 4400 1883 4470 concessimus.
1942 4405 2137 4470 Decet
2174 4400 2403 4489 igitur,
2443 4412 2519 4471 ut
2568 4424 2689 4492 pro
2726 4413 2863 4475 tam
2916 4401 3191 4493 insigni
