3347 4999
661 345 787 409 494
1449 357 1530 407 m:
1578 362 1632 408 s.
1691 362 1980 408 nenwmss
2030 363 2218 409 vinca
2789 343 2962 409 OCT.
3030 348 3116 411 17

572 460 636 515 et
677 446 1049 515 reverentia
1097 459 1160 514 et
1208 467 1440 515 amore
1492 444 2052 536 prosequebatur,
2088 447 2188 516 uti
2219 469 2345 536 par
2374 460 2517 516 erat
2552 447 2849 526 fratrem,
2886 469 3118 534 quan-

573 535 796 622 doque
823 533 1458 605 stomachabundus
1487 557 1635 603 eam
1678 535 2135 623 reprehendit,
2173 536 2353 622 quod
2396 536 2730 623 ejusmodi
2764 535 2936 605 cibis
2979 539 3116 606 mi·

574 625 758 692 nime
806 635 1207 692 vesceretur.
1250 623 1373 691 Sed
1427 623 1544 692 illa
1596 636 1818 692 tamen
1858 645 2014 693 eum
2069 645 2323 694 morem
2371 639 2434 693 et
2465 624 2851 695 institutum
2894 646 3113 694 suum

572 711 958 799 relinquere
998 710 1215 780 noluit
1266 723 1541 802 propter
1587 711 1934 781 hominem
1967 725 2607 800 quantumcumque
2638 735 2901 793 carum,
2937 736 3110 783 cum

570 800 745 869 illud
799 823 922 891 pro
971 799 1213 870 Christi
1263 822 1494 869 amore
1533 801 1676 890 jam
1729 800 1890 868 olim
1943 802 2379 889 suscepisset,
2431 814 2497 872 et
2532 803 2683 891 ejus
2730 802 2896 870 freta
2941 823 3104 892 ope,

568 911 790 977 usque
837 889 921 958 ad
971 902 1348 958 extremum
1400 890 1574 957 vitae
1620 889 1802 958 diem
1856 890 2175 977 prosequi
2216 891 2584 959 statuisset.
2659 891 2930 959 Vivente
2978 890 3112 959 ad-

571 978 709 1048 huc
759 979 1004 1048 marito
1048 978 1226 1066 ejus,
1278 991 1341 1046 et
1393 977 1685 1048 necdum
1737 979 1901 1046 satis
1934 980 2209 1079 cognita
2255 979 2406 1067 ejus
2453 978 2864 1049 abstinentia
2894 991 2960 1048 et
2988 1000 3111 1047 ve-

572 1068 878 1137 neranda
928 1066 1279 1156 religione,
1334 1068 1611 1156 parcius
1657 1066 1900 1136 edebat
1949 1066 2088 1137 illis
2134 1067 2423 1148 diebus,
2477 1067 2731 1155 quibus
2788 1067 2906 1137 alii
2951 1089 3108 1136 car-

573 1155 776 1225 nibus
825 1154 1292 1234 vescebantur,
1343 1177 1549 1241 quam
1602 1154 1857 1242 quibus
1893 1167 2068 1225 esset
2119 1156 2449 1225 indictum
2492 1156 2864 1245 jejunium,
2915 1160 3105 1225 ntea

571 1246 803 1314 sancta
854 1243 1290 1314 simulatione
1337 1242 1600 1312 falleret
1649 1245 2001 1313 ministros
2049 1265 2233 1313 suos.
2275 1243 2662 1314 scindendo
2708 1245 2891 1313 enim
2946 1267 3107 1334 pro-

576 1332 792 1422 posito
840 1332 1016 1415 cibo,
1070 1344 1272 1420 atque
1320 1331 1481 1401 hinc
1530 1333 1690 1402 inde
1738 1333 1804 1401 in
1858 1331 2140 1402 scutella
2193 1332 2545 1411 volvendo,
2601 1344 2664 1403 et
2708 1331 2990 1423 perinde
3020 1355 3104 1402 ac

574 1422 627 1491 si
679 1421 928 1502 ederet,
980 1444 1221 1491 carnes
1267 1423 1494 1490 contin
1549 1422 1728 1491 endo
1765 1475 1780 1498 ,
1833 1422 2011 1490 mira
2057 1423 2372 1491 cautione
2419 1422 2690 1503 effecit,
2744 1434 2821 1491 ut
2865 1422 3105 1490 adver-

574 1522 711 1579 tere
763 1532 893 1579 non
949 1520 1224 1600 possent
1269 1532 1417 1579 eam
1469 1533 1505 1579 a
1562 1511 1812 1580 stinere
1860 1510 1946 1579 ab
1995 1509 2155 1579 illis.
2211 1510 2400 1579 Unde
2448 1509 2675 1591 fiebat,
2713 1523 2787 1578 ut
2825 1509 3017 1581 cibos
3037 1510 3102 1579 ei

571 1620 706 1668 non
758 1610 1179 1689 apponerent
1218 1600 1484 1686 jejunio
1530 1611 2011 1688 congruenteS,
2065 1611 2129 1668 et
2175 1598 2293 1667 illa
2328 1621 2366 1667 a
2408 1621 2641 1668 mensa
2675 1599 2915 1668 crebro
2946 1622 3101 1669 sur-

571 1701 755 1777 geret
789 1701 1017 1757 ventre
1055 1687 1330 1775 quidem
1384 1709 1619 1768 vacuo,
1664 1687 1778 1757 sed
1818 1699 2041 1758 mente
2075 1688 2368 1776 spiritali
2398 1689 2650 1778 gaudio
2676 1686 3094 1768 abundante,

570 1789 634 1845 et
685 1778 751 1845 in
783 1780 914 1846 Deo
943 1776 1117 1845 bene
1142 1776 1476 1862 jucunda.
1510 1781 1675 1846 Cum
1708 1777 2041 1866 sicigitur
2075 1777 2142 1844 in
2177 1775 2297 1846 illa
2330 1777 2645 1846 carnium
2683 1775 3100 1847 abstinentia

552 1912 561 1921 ·
619 1879 1051 1943 erseveraret,
1088 1864 1518 1945 WilhelmuS,
1568 1865 1975 1936 Mutinensis
1995 1866 2396 1954 Episcopus,
2442 1864 2864 1954 Apostolicae
2905 1864 3099 1934 Sedis

598 1975 632 2022 e
684 1966 859 2035 atus,
917 1955 984 2023 in
1035 1953 1381 2023 Poloniam
1426 1953 1725 2034 veniens,
1798 1954 1858 2021 ei
1908 1955 2285 2043 aegrotanti
2335 1955 2700 2043 praecepit,
2738 1967 2815 2023 ut
2854 1974 3098 2022 carnes

570 1976 822 2112 edffiret.
875 2047 951 2111 At
1002 2041 1115 2110 illa
1163 2042 1321 2110 fecit
1364 2041 1642 2128 quidem
1675 2097 1690 2120 ,
1743 2043 1924 2130 quod
1966 2056 2110 2110 erat
2162 2042 2400 2130 jussa,
2461 2042 2577 2111 sed
2629 2055 2852 2110 tamen
2917 2064 3094 2110 asse·

574 2131 764 2200 rebat
829 2153 899 2202 se
960 2130 1117 2221 plus
1185 2131 1418 2199 animo
1478 2132 1745 2221 gravari
1794 2131 1880 2200 ob
1914 2153 2220 2201 comesas
2255 2152 2518 2211 carneS,
2564 2152 2769 2218 quam
2813 2151 2932 2199 cor
3028 2152 3097 2199 re

571 2219 989 2310 affligeretur
1018 2240 1094 2287 ex
1130 2218 1529 2299 morboillO,
1556 2240 1694 2306 quo
1728 2231 1869 2288 tum
1908 2241 2041 2289 non
2090 2241 2331 2310 parum
2374 2219 2656 2288 molesto
2707 2217 2942 2289 labora
2995 2230 3088 2288 at.

655 2310 690 2394 ξ
740 2312 877 2381 u.
931 2312 1135 2376 Porro
1183 2318 1408 2376 autem
1462 2307 1852 2397 intelligens
1899 2307 2135 2377 eadem
2188 2308 2337 2397 ipsa
2371 2330 2406 2375 a
2444 2312 2572 2376 Deo
2610 2306 2831 2381 docta,
2886 2319 2949 2376 et
2984 2329 3096 2377 su-

571 2417 783 2485 perno
833 2395 1166 2467 illustrata
1229 2395 1540 2475 lumine,
1593 2396 2069 2465 discretionem
2135 2397 2277 2465 sive
2326 2396 2904 2475 moderationem,
2959 2396 3097 2465 vir·

568 2496 791 2554 tutum
826 2506 974 2555 esse
1000 2484 1338 2575 aurigam,
1394 2505 1516 2553 nec
1556 2483 1733 2554 bona
1781 2507 1988 2574 opera
2043 2489 2171 2556 Deo
2210 2484 2459 2567 oblata,
2506 2483 2608 2555 illi
2651 2496 2844 2575 grata
2894 2506 3043 2554 esse
3073 2541 3089 2566 ,

568 2573 624 2642 si
673 2573 1105 2642 discretionis
1153 2572 1292 2642 sale
1338 2585 1654 2642 careant:
1709 2575 1777 2642 in
1830 2573 2230 2664 castigando
2285 2595 2568 2662 corpore
2631 2587 3088 2663 opportunam

566 2661 936 2733 adhibebat
986 2661 1541 2741 moderationem,
1579 2674 1644 2731 et
1682 2662 1903 2749 quoad
1957 2662 2103 2731 fieri
2139 2663 2378 2752 potuit,
2423 2662 2788 2819 ἀίΙίΞθηῑει·
2814 2684 3093 2762 operam

565 2750 793 2831 dabat,
848 2762 924 2820 ut
956 2751 1226 2820 asinum
1263 2750 1557 2831 animae,
1610 2750 1677 2818 id
1727 2763 1851 2831 est,
1895 2773 2144 2840 corpus
2192 2773 2395 2821 suum
2446 2763 2510 2821 et
2609 2772 2728 2820 ure
2758 2762 2925 2821 satis
2971 2750 3094 2820 fla-

566 2839 868 2930 gellaret,
904 2852 968 2909 et
1006 2852 1228 2908 tamen
1272 2838 1425 2908 cibo
1460 2839 1841 2908 necessario
1868 2850 2273 2909 sustentaret
2305 2863 2318 2906 :
2373 2861 2479 2920 ne,
2528 2839 2583 2908 si
2635 2838 2800 2908 forte
2832 2851 3095 2929 praeter

566 2927 851 2998 modum
886 2927 1055 2998 illud
1094 2940 1425 3007 oneraret,
1465 2927 1658 3017 prius
1708 2927 1840 2996 sub
1891 2926 2070 2998 fasce
2109 2939 2451 2997 corrueret
2487 2982 2501 3005 ,
2563 2949 2770 3013 quam
2824 2926 3094 3014 pondus

565 3016 700 3085 diei
734 3030 796 3086 et
830 3029 1092 3087 aestum
1128 3015 1428 3096 ferend0,
1483 3037 1704 3103 usque
1737 3016 1821 3084 ad
1856 3028 2130 3105 tempus
2161 3017 2732 3085 remunerationis
2763 3014 3091 3086 divinitus

565 3105 1015 3176 constitutum
1077 3117 1299 3195 posset
1347 3104 1741 3194 perdurare.
1797 3109 1987 3173 Hanc
2038 3104 2489 3194 proculdubio
2530 3105 2616 3174 ob
2664 3125 2943 3174 causam
2993 3104 3091 3173 sic

565 3192 1014 3263 abstinentiae
1073 3193 1353 3263 modum
1418 3192 1772 3280 victusque
1834 3195 2160 3262 rationem
2229 3214 2350 3284 per
2395 3193 2704 3283 singulos
2750 3192 2898 3262 dies
2959 3191 3092 3260 sibi

616 3282 1117 3372 raescripserat,
1171 3295 1247 3351 ut
1278 3281 1390 3351 die
1422 3283 1799 3362 Dominico,
1847 3281 2040 3351 tertia
2073 3295 2137 3352 et
2175 3281 2416 3437 quinta
2445 3280 2635 3363 seria,
2690 3280 2996 3371 piscibus
3026 3291 3091 3350 et

592 3368 888 3449 actariis,
947 3370 1227 3440 sabbato
1274 3383 1338 3439 et
1378 3369 1679 3441 secunda
1727 3370 1894 3439 seria
1944 3370 2156 3440 aridis
2214 3370 2682 3459 eguminibuS,
2734 3380 2979 3456 quarto
3026 3379 3092 3437 et

565 3470 749 3527 sexto
799 3458 909 3526 die
970 3479 1143 3548 pane
1206 3470 1269 3528 et
1330 3461 1509 3545 aqua
1556 3459 1909 3528 dumtaxat
1960 3471 2362 3528 vesceretur.
2416 3463 2632 3541 Quam
2697 3456 3092 3528 abstinendi

561 3547 891 3615 rationem
928 3567 1084 3615 cum
1127 3546 1532 3634 aliquandiu
1574 3548 1639 3614 in
1678 3547 1950 3617 servitio
1993 3547 2106 3616 Dei
2153 3546 2575 3617 observasset
2609 3600 2624 3625 ‚
2670 3559 2900 3636 postea
2947 3546 3092 3635 spi-

562 3636 702 3705 ritu
752 3656 856 3704 ma
914 3635 972 3704 is
1025 3637 1499 3714 corroborata,
1563 3635 1867 3722 quotidie
1922 3635 2134 3704 aridis
2184 3647 2446 3705 tantum
2512 3634 2979 3725 leguminibus
3025 3644 3092 3704 et

562 3744 737 3815 panc
771 3745 849 3794 ru
906 3724 1385 3815 isimilagineo
1425 3723 1795 3803 victitabat,
1832 3723 2177 3793 decoctam
2221 3744 2488 3812 semper
2526 3745 2776 3810 aquam
2818 3723 3086 3802 bibens,

559 3812 857 3903 demptis
895 3814 1142 3883 diebus
1179 3812 1549 3882 Dominicis
1595 3824 1659 3882 et
1707 3812 2124 3900 quibusdam
2166 3812 2438 3902 magnis
2487 3811 3086 3881 solemnitatibus:

557 3902 837 3991 quibuS,
891 3914 1171 3992 cogente
1210 3922 1358 3971 eam
1393 3900 1729 3990 Episcopo
1776 3912 1839 3970 et
1886 3900 2322 3970 confessariis
2359 3901 2531 3988 ejus,
2586 3900 2692 3970 bis
2739 3900 3087 3979 utebatur,

559 3992 869 4081 piscibus
915 4003 981 4061 et
1029 3990 1351 4071 lactariis,
1406 3990 1814 4076 bibebatque
1861 3989 2257 4069 cervisiam,
2316 3988 2658 4058 interdum
2711 4000 2936 4057 tamen
2977 3987 3093 4057 vix

555 4080 641 4149 ad
674 4080 741 4150 id
779 4079 1060 4149 inducta
1098 4079 1423 4180 precibus
1454 4101 1614 4148 cum
1651 4079 1670 4147 i
1728 4101 1804 4148 sa
1852 4076 2427 4148 commorantium
2463 4076 2930 4147 dominarum.

644 4171 680 4257 ξ
726 4172 868 4240 15.
921 4168 1151 4238 Multis
1199 4168 1443 4237 diebus
1492 4168 1561 4237 in
1610 4173 1657 4237 A
1712 4179 1917 4237 ventu
1966 4166 2230 4237 Domini
2282 4178 2348 4235 et
2394 4187 2645 4256 magna
2693 4165 3096 4254 Quadrage-
3137 4169 3142 4174 ’

556 4257 734 4326 sima
771 4256 840 4338 *‚
897 4257 1269 4328 multorum
1329 4278 1604 4345 quoque
1650 4260 2053 4326 Sanctorum
2106 4267 2170 4325 et
2219 4259 2617 4324 Sanctarum
2653 4307 2668 4335 ,
2725 4254 3096 4344 praecipue

606 4421 631 4446 ⁸²
664 4418 1008 4470 Quadrayeeima
1038 4431 1195 4468 maqnn
1227 4420 1301 4459 est
1336 4420 1594 4469 jejunium.
1624 4417 1750 4467 quod
1791 4417 2140 4458 solemnitatem
2176 4417 2441 4466 paschalem
2477 4415 2742 4465 praecedit:
2779 4417 2880 4456 tren
2917 4422 3099 4465 nempe

554 4477 863 4516 numerantur
884 4473 1287 4524 Quadragestmae,
1305 4477 1414 4515 ante
1434 4472 1742 4514 Nativitatem
1762 4468 1960 4519 Domini,
1978 4473 2086 4512 ante
2106 4470 2284 4512 Pascha
2302 4470 2350 4510 et
2368 4470 2476 4520 post
2493 4469 2828 4511 Pentecostem.
