3347 4999
258 268 437 335 OCT.
487 269 572 332 20
1150 288 1229 332 nn
1277 288 1330 333 s.
1386 286 1659 334 Ammo
1708 288 1897 334 mar.
2577 273 2701 336 597

256 393 445 452 cum,
485 371 664 439 sicut
718 369 1045 451 diximuS,
1099 372 1393 442 venisset
1447 372 1826 461 Daphnem,
1872 371 2210 441 sacrificia
2258 373 2541 461 parabat
2588 375 2786 463 Apol-

181 488 192 497 ·
254 460 407 531 lini.
447 481 480 528 s
532 480 734 528 erans
774 458 939 540 fore,
979 472 1054 528 ut
1086 460 1172 529 ab
1231 482 1308 529 eo
1364 460 1497 530 cito
1552 460 1893 561 acciperet
1951 482 2301 549 responsa.
2356 461 2639 551 Daphne
2686 476 2791 533 est

257 548 479 620 subur
530 570 740 617 anum
815 547 1230 630 Antiochiae,
1296 549 1503 620 situm
1545 550 1615 617 in
1676 571 1825 637 ejus
1893 548 2060 618 locis
2116 548 2526 619 altioribus:
2580 563 2645 620 et
2692 564 2790 621 te-

167 666 178 679 ·
257 650 445 707 ctum
497 658 700 707 omne
747 658 967 727 genus
1014 637 1417 707 arboribus:
1471 659 1610 724 quo
1661 638 1728 706 in
1783 635 1930 707 loco
1978 650 2041 707 et
2089 637 2383 706 aliarum
2435 638 2785 723 arborum,

259 739 326 796 et
379 725 775 815 praesertim
845 748 1375 815 cupressorum,
1439 728 1738 795 maxima
1812 725 1941 795 fuit
2003 726 2302 815 plantata
2373 727 2789 808 multitudO,

260 814 756 904 pulcritudine,
810 813 1171 884 altitudine
1234 826 1299 884 et
1361 815 1843 905 magnitudine
1911 836 2342 902 nequaquam
2404 815 2787 888 imitabilis.

260 904 613 974 Labuntur
645 925 800 973 vero
841 904 927 970 in·
960 925 1229 973 omnem
1268 916 1527 994 partem
1572 906 1826 973 fluenta
1858 925 2192 990 aquarum
2238 903 2785 991 poculentarum,

263 991 797 1083 scaturientibus
847 991 1006 1061 inde
1058 992 1375 1062 maximis
1436 992 1790 1062 fontibus:
1844 1015 1981 1080 quo
2033 992 2128 1072 fit,
2190 1004 2266 1061 ut
2327 993 2565 1062 civitas
2616 994 2793 1064 inter

261 1094 563 1151 caeteras
597 1102 775 1167 aqua
823 1080 1124 1151 abundet
1159 1082 1472 1151 maxime.
1506 1081 1882 1151 Praeclaris
1928 1102 2200 1168 quoque
2247 1082 2792 1153 extructionibus

262 1169 842 1251 habitaculorum,
881 1182 947 1238 et
995 1169 1444 1251 lavacrorum,
1484 1182 1548 1240 et
1584 1169 1877 1240 aliorum
1930 1169 2397 1239 aedificiorum
2453 1169 2645 1240 locus
2692 1184 2793 1241 est

265 1259 634 1349 magnifice
703 1258 1083 1328 instructus
1146 1270 1211 1328 et
1268 1273 1572 1328 ornatus.
1632 1262 1756 1328 Hic
1811 1271 1877 1327 et
1937 1258 2227 1328 aliorum
2300 1258 2578 1345 quidem
2612 1260 2791 1329 -dae-

265 1369 555 1417 monum
610 1346 863 1436 templa
917 1360 1110 1417 erant
1159 1359 1225 1417 et
1283 1348 1657 1437 imagineS‚
1725 1348 2092 1438 praecipue
2162 1360 2389 1417 autem
2456 1347 2789 1439 templum

262 1435 596 1536 Apollinis
643 1435 994 1505 colebatur
1025 1436 1112 1505 ab
1148 1435 1362 1505 initio.
1416 1438 1539 1505 Hic
1586 1437 1769 1505 enirn
1823 1436 1916 1512 id,
1976 1435 2160 1523 quod
2217 1436 2300 1505 de
2350 1436 2629 1526 Daphne
2661 1437 2792 1505 vir-

265 1546 425 1615 gine
458 1536 799 1605 narratur,
854 1524 1185 1595 accidisse
1239 1530 1529 1595 Graecae
1579 1525 1923 1595 finxerunt
1976 1524 2284 1594 fabulae:
2337 1526 2539 1615 cujus
2584 1527 2789 1595 etiam

263 1634 642 1704 cognomen
681 1612 973 1683 maxime
1006 1613 1273 1684 videtur
1318 1613 1492 1683 ferre
1534 1614 1748 1684 locus,

354 1710 392 1783 ἓ
433 1704 593 1773 88.
647 1705 883 1791 Imago
934 1715 1157 1772 autem
1210 1702 1541 1792 Apollinis
1587 1715 1730 1772 erat
1790 1702 1918 1771 hoc
1982 1701 2182 1772 modo
2241 1712 2655 1773 constructa.
2715 1703 2787 1771 Ei

265 1812 345 1859 ex
417 1791 548 1860 vite
620 1803 765 1859 erat
822 1813 1074 1881 corpus
1132 1792 1614 1882 compositum,
1667 1790 2062 1860 admirabili
2135 1791 2433 1877 quadam
2482 1805 2627 1859 arte.
2696 1791 2790 1860 ita

268 1892 732 1968 compactum,
786 1891 862 1948 ut
894 1901 1055 1967 prae
1088 1901 1157 1949 se
1189 1879 1391 1949 ferret
1439 1880 1734 1969 speciem
1784 1880 1994 1948 unius
2052 1879 2566 1948 coalescentiae.
2607 1884 2789 1949 Auro

264 1980 493 2037 autem
545 1966 760 2037 illitus
809 1978 1010 2048 totus,
1064 1969 1179 2055 qui
1231 1969 1645 2038 induebatur
1679 1968 2003 2054 amictuS,
2040 1968 2337 2047 nudatiS,
2376 1980 2441 2036 et
2484 1989 2619 2036 non
2671 1990 2792 2037 au-

270 2056 436 2125 ratis
484 2055 793 2145 corporis
829 2056 1160 2145 partibuS,
1199 2057 1595 2127 ostendebat
1627 2056 2027 2144 quamdam,
2072 2078 2247 2143 quae
2294 2056 2431 2126 dici
2486 2078 2620 2125 non
2672 2079 2792 2146 po-

266 2156 394 2214 test
445 2143 1002 2234 pulcritudinem.
1042 2146 1251 2215 Stanti
1295 2168 1451 2215 vero
1505 2160 1650 2216 erat
1713 2147 1776 2213 in
1827 2146 2149 2216 manibus
2193 2145 2481 2220 cithara,
2520 2158 2586 2214 et
2638 2166 2786 2215 eam

267 2232 626 2302 videbatur
673 2233 967 2323 pulsare.
1015 2238 1256 2304 Comae
1308 2248 1534 2304 autem
1569 2247 1634 2304 et
1682 2234 1861 2303 lauri
1906 2255 2180 2316 corona,
2236 2256 2405 2303 auro
2455 2234 2793 2303 florebant

316 2322 618 2402 ermist0,
672 2336 747 2392 ut
777 2344 1026 2412 magna
1054 2323 1211 2392 efful
1267 2337 1405 2393 eret
1432 2324 1650 2415 gratia
1680 2323 2198 2412 spectatoribus.
2237 2328 2517 2410 Duoque
2553 2322 2789 2412 magni

266 2343 621 2512 liyacinthi
674 2410 1054 2502 implebant
1108 2416 1165 2479 ei
1216 2347 1508 2504 figuram
1551 2411 1935 2492 oculorum,
2009 2412 2075 2489 in
2132 2413 2532 2481 memoriam
2602 2416 2790 2502 Hya-

264 2499 483 2569 ctnthi
532 2499 728 2601 pueri
761 2499 1125 2591 Amyclaei.
1163 2507 1239 2571 Et
1286 2524 1716 2593 gemmarum
1774 2501 2188 2592 pulcritud0‚
2226 2514 2292 2570 et
2346 2501 2783 2592 magnitud0‚

263 2587 402 2658 ima
456 2589 553 2658 int
604 2590 979 2659 maximum
1029 2590 1349 2660 afferebat
1395 2603 1739 2670 ornatum,
1795 2590 1964 2660 adeo
2012 2603 2087 2659 ut
2133 2590 2678 2679 quamplurimis
2717 2589 2788 2657 in

263 2698 340 2747 eo
437 2677 614 2767 ecipi
651 2679 1094 2769 contingeret,
1152 2695 1226 2748 ut
1272 2681 1390 2767 qui
1444 2691 1718 2770 propter
1769 2702 1808 2749 a
1866 2679 2165 2769 parentis
2206 2679 2465 2750 formae
2524 2679 2788 2769 pulcri-

265 2765 599 2842 tudinem,
653 2767 1124 2837 inescarentur
1168 2768 1255 2836 ad
1302 2791 1459 2838 eum
1530 2768 1786 2838 adoran
1843 2791 1984 2838 um.
2038 2768 2233 2852 Quod
2304 2767 2584 2855 quidem
2655 2767 2790 2856 ipsi

261 2876 535 2943 quoque
579 2855 854 2926 Juliano
920 2870 1253 2926 evenerat.
1308 2856 1623 2945 Majorem
1700 2870 1878 2927 certe
1945 2858 2007 2926 ei
2055 2855 2318 2925 cultum
2383 2856 2783 2936 exhibebat,

262 2965 469 3031 quam
520 2946 847 3015 omnibus
871 2945 1026 3017 aliis
1066 2946 1513 3038 imaginibuS,
1566 2967 1646 3015 ex
1694 2943 1991 3036 singulis
2038 2945 2406 3036 generibus
2454 2946 2517 3013 ei
2568 2943 2788 3014 millia

263 3033 686 3115 sacrificans,
739 3047 804 3103 et
849 3036 937 3104 ab
982 3057 1062 3105 eo
1102 3048 1501 3126 exspectans
1551 3056 1903 3124 responsa.

351 3124 387 3210 ξ
433 3126 588 3196 84.
645 3128 811 3193 Cum
859 3135 1084 3193 autem
1121 3146 1362 3194 omnes
1413 3124 1751 3212 imagines
1808 3121 2226 3212 profundum
2281 3132 2536 3190 teneret
2584 3120 2791 3190 silen-

263 3209 462 3290 tium,
501 3212 901 3281 existimans
940 3233 1115 3302 opus
1149 3235 1301 3282 esse
1351 3211 1762 3300 praestigiis,
1813 3231 1989 3297 quas
2048 3211 2283 3280 Graeci
2337 3221 2576 3279 vocant
2636 3210 2794 3278 Hie-

262 3299 595 3389 rurgiam,
650 3299 975 3369 accersito
1022 3300 1319 3388 quodam
1363 3298 1677 3379 EusebiO,
1729 3321 1933 3386 quein
1969 3301 2035 3368 in
2069 3299 2391 3389 gentibus
2432 3298 2616 3368 fama
2647 3310 2794 3368 erat

261 3386 392 3456 hac
441 3388 510 3454 in
548 3408 617 3456 re
666 3387 958 3457 multum
1014 3411 1234 3479 posse,
1271 3389 1334 3458 ei
1374 3388 1585 3477 jussit
1621 3401 1698 3457 ut
1743 3388 2252 3474 quammaxime
2302 3389 2675 3478 spirantem
2726 3399 2795 3457 et

262 3475 603 3546 efficacem
669 3476 980 3546 redderet
1027 3479 1435 3568 imaginem,
1489 3476 1662 3545 nulli
1718 3478 1808 3545 rei
1866 3476 2249 3567 parcend0,
2303 3499 2443 3564 qua
2511 3476 2594 3546 ad
2662 3476 2791 3545 hoc

262 3585 439 3665 opus
485 3586 632 3634 esse
679 3577 1004 3634 censeret.
1059 3570 1224 3635 Cum
1273 3579 1500 3636 autem
1560 3565 1734 3635 nihil
1785 3587 1916 3634 non
1968 3576 2145 3634 esset
2216 3567 2682 3644 machinatus,
2727 3576 2794 3634 et

261 3653 435 3722 nihil
481 3653 1068 3744 praetermisisset,
1121 3654 1302 3741 quod
1356 3654 1484 3723 sibi
1538 3654 1605 3722 in
1660 3666 1952 3723 mentem
2001 3654 2339 3724 venisset:
2397 3654 2512 3722 ille
2560 3666 2788 3722 tamen

260 3742 494 3820 eodem
548 3740 749 3811 modo
797 3742 1149 3825 tacuisset,
1196 3765 1414 3830 neque
1464 3743 1684 3833 magis
1731 3763 1937 3830 quam
1988 3754 2185 3812 antea
2223 3742 2637 3830 loqueretur,
2674 3741 2787 3810 hic

255 3831 397 3920 jam
451 3842 729 3922 rogatus
774 3853 812 3899 a
850 3831 1153 3905 Juliano.
1208 3855 1333 3901 cur
1372 3832 1664 3901 maxime
1704 3845 1972 3911 taceret,
2014 3831 2218 3918 idque
2266 3854 2422 3900 cum
2466 3830 2646 3899 facta
2685 3851 2794 3899 es-

263 3931 410 3991 sent
474 3919 729 4002 omnia,
781 3941 956 4007 quae
1004 3919 1090 3991 de
1138 3942 1324 3990 more
1373 3919 1570 4002 fiunt,
1630 3920 1823 4000 dixit,
1882 3920 2206 4010 Babylam
2248 3920 2280 3954 ⁴*
2327 3940 2476 3989 esse
2529 3918 2791 4008 praeci-

264 4030 467 4098 puam
522 4031 799 4079 causam
852 4008 1107 4078 silentii
1166 4022 1300 4079 tam
1353 4009 1585 4100 hujuS,
1637 4031 1846 4096 quarn
1890 4007 2311 4095 reliquarum
2372 4007 2791 4097 imaginum,

261 4117 419 4167 cum
460 4098 518 4167 is
565 4098 738 4169 situs
766 4109 944 4168 esset
988 4098 1058 4166 in
1113 4099 1415 4187 Daphne,
1468 4109 1704 4188 utpote
1761 4097 1943 4185 quod
1994 4097 2092 4165 dii
2138 4097 2289 4185 ejus
2327 4095 2619 4165 cadaver
2669 4095 2792 4164 ab·

263 4183 637 4269 horrerent,
675 4199 739 4258 et
772 4186 923 4258 ideo
971 4208 1160 4257 more
1200 4208 1326 4257 suo
1367 4187 1596 4256 venire
1645 4207 1777 4257 non
1830 4185 2268 4256 sustinerent.
2301 4183 2786 4257 Nolebatenim

262 4273 325 4342 ei
371 4296 649 4346 causam
700 4276 927 4347 dicere
985 4274 1451 4356 verissimam,
1507 4274 1692 4364 quod
1755 4274 2015 4345 scilicet
2072 4288 2216 4344 erat
2264 4286 2495 4365 aperte
2575 4274 2791 4363 major

314 4400 339 4424 ¹·
365 4401 434 4441 De
452 4401 496 4442 8.
517 4402 694 4453 Babyla
711 4405 867 4445 actum
887 4407 960 4446 est
982 4405 1040 4445 ad
1058 4400 1183 4445 diem
1204 4405 1256 4444 24
1268 4403 1489 4454 ,ianuar-11.
1508 4403 1622 4445 Vide
1642 4402 1835 4444 Surium.
