3347 4999
679 240 807 303 470
1340 253 1417 300 ns
1464 253 1520 300 s.
1572 252 1769 300 catto
1814 254 1957 300 Ans.
2010 254 2083 300 ετ
2131 251 2311 301 conr.
2805 235 2980 303 OCT.
3038 237 3133 302 ⁴6

595 340 982 419 voluerunt,
1035 338 1319 409 caeteris
1358 337 1685 407 omnibus
1746 337 2120 427 longiorem
2177 340 2502 409 mensura
2549 338 2822 408 dimidii
2873 338 3067 429 pedis
3111 362 3128 407 ε

593 441 661 499 et
702 427 1155 498 admiratione
1186 426 1270 497 de
1314 446 1415 506 e0‚
1469 426 1651 513 quod
1681 441 2015 505 evenerat,
2070 426 2323 507 habita,
2380 426 2646 517 lignum
2681 427 2861 515 quod
2915 428 3135 498 mira-

597 517 720 588 bili
751 528 1050 586 creverat
1098 515 1324 595 modo,
1380 515 1447 583 in
1502 514 1648 585 loco
1706 537 1831 585 suo
1888 516 2128 604 parieti
2167 528 2593 616 aptaverunt.
2660 516 2848 599 Quod
2892 517 3133 605 ipsum

595 607 800 696 longo
848 604 1172 693 deinceps
1213 616 1515 694 tempore
1563 626 1598 672 a
1651 603 1974 674 fidelibus
2005 617 2401 693 expetitum,
2461 605 2741 674 Domino
2795 604 3124 683 faciente,

597 695 910 765 dentium
960 693 1314 763 doloribus
1373 691 1737 762 efficaciter
1793 692 2230 767 medebatur.
2288 706 2550 783 praeter
2596 694 2860 780 antiqui
2930 715 3130 764 corn-

594 781 1155 853 memorationem
1222 780 1563 860 miraculi,
1617 780 1811 851 novis
1874 803 2143 871 semper
2186 782 2541 852 effectibus
2611 781 3129 852 honorandum.

590 876 668 941 In
718 893 856 958 quo
891 870 1065 939 facto
1119 871 1513 939 meritorum
1563 870 1714 959 ejus
1764 870 2335 970 magnitudinem.
2374 885 2442 941 et
2485 870 2814 940 orationis
2872 891 3134 960 possu-

593 983 751 1032 mus
804 980 1088 1050 pensare
1135 959 1489 1028 virtutem:
1542 958 1704 1045 quia
1752 971 1817 1027 et
1849 958 2116 1048 lignum
2177 959 2448 1028 aridum
2499 973 2735 1029 contra
2799 975 3127 1029 naturam

599 1047 1044 1118 incrementis
1076 1060 1354 1117 auctum
1410 1059 1533 1127 est,
1584 1060 1649 1116 et
1696 1068 1784 1116 ne
1820 1060 2010 1118 vetus
2066 1046 2452 1118 aboleretur
2521 1048 2960 1127 miraculum,
3017 1069 3135 1116 re·

603 1137 831 1207 diviva
878 1137 1236 1226 signorum
1287 1135 1707 1205 attestatione
1747 1157 2017 1224 semper
2048 1150 2149 1207 est
2195 1139 2582 1225 repetitum.

686 1233 723 1307 ἓ
776 1229 920 1296 ²2.
1001 1230 1152 1294 Post
1222 1224 1387 1293 haec
1442 1224 1621 1294 Abba
1676 1225 2091 1303 monasterii,
2156 1224 2339 1311 quod
2396 1225 2766 1295 Luxovium
2817 1224 3116 1303 dicitur,

599 1312 878 1384 nomine
925 1313 1355 1393 Eustachius,
1408 1334 1610 1398 quem
1662 1312 1880 1382 bonae
1946 1314 2313 1383 memoriae
2368 1313 2832 1383 Columbanus
2893 1312 3123 1383 eidem

596 1402 745 1472 loco
778 1401 1120 1492 praefecit,
1175 1401 1263 1469 ab
1311 1401 1522 1487 hujus
1569 1400 1805 1471 exsilio
1856 1402 2025 1470 vitae
2058 1402 2143 1470 ad
2193 1424 2565 1491 supernam
2598 1401 2882 1491 patriam
2933 1422 3126 1471 com-

597 1491 938 1579 migravit.
995 1495 1258 1560 Fratres
1296 1512 1369 1558 er
1418 1512 1457 1559 o
1519 1489 1587 1559 in
1637 1489 1873 1559 eodem
1917 1490 2244 1561 coenobio
2298 1490 2691 1571 constituti,
2743 1489 3121 1560 consilium

598 1580 929 1659 inierunt,
965 1591 1043 1649 ut
1077 1578 1391 1648 venerabi
1423 1601 1528 1647 em
1571 1576 1839 1647 Gallum
1892 1593 2303 1656 revocarent,
2367 1592 2432 1649 et
2478 1579 2626 1667 ejus
2676 1578 2997 1678 regimini
3047 1599 3121 1647 se

599 1667 959 1738 subdendo
990 1667 1490 1737 contraderent.
1548 1668 1878 1736 Miserunt
1926 1667 2150 1754 itaque
2190 1690 2303 1736 sex
2329 1667 2565 1737 fratres
2595 1688 2673 1736 ex
2707 1667 2840 1745 lus,
2869 1667 2989 1753 qui
3031 1666 3118 1735 ab

590 1757 916 1826 Hibernia
957 1770 1285 1825 venerunt
1331 1755 1515 1842 quie
1571 1755 1836 1825 istolam
1870 1754 2120 1825 ferrent
2165 1757 2621 1826 continentem
2654 1777 2902 1825 causas
2932 1755 3119 1842 ejus·

596 1847 753 1915 dem
806 1845 1184 1935 legationis.
1240 1844 1455 1933 Igitur
1503 1843 1602 1913 ili
1653 1855 1832 1914 recto
1883 1845 2120 1914 itinere
2165 1868 2322 1915 cum
2373 1845 2455 1914 ad
2510 1844 2644 1913 viri
2697 1844 2810 1913 Dei
2868 1842 3121 1912 Cellam

599 1934 1086 2024 pervenissent,
1147 1933 1452 2002 nunciati
1500 1932 1878 2013 advenisse,
1937 1932 2129 2003 ducti
2175 1947 2336 2002 sunt
2390 1933 2472 2002 ad
2522 1932 2924 2002 orationem.
2978 1937 3123 2014 Qua

595 2022 886 2112 explete,
939 2021 1220 2090 domum
1275 2022 1561 2111 ingressi
1599 2075 1614 2100 ,
1672 2035 2114 2110 porrexerunt
2160 2021 2541 2110 epistolam.
2618 2025 2832 2103 Quam
2888 2033 2963 2090 ut
3012 2022 3123 2089 Vir

597 2112 717 2181 Dei
765 2124 1045 2180 sanctus
1096 2108 1400 2199 perlegit,
1454 2109 1625 2178 dixit
1670 2108 1853 2178 illis:
1906 2134 1941 2175 «
1978 2115 2114 2200 Ego
2151 2110 2456 2196 quidem,
2494 2131 2534 2178 o
2572 2109 2813 2178 fratres
2848 2162 2863 2187 ,
2921 2109 3122 2177 verba

596 2199 969 2289 prophetae
1000 2198 1288 2285 cupiens
1318 2198 1576 2267 imitari·
1604 2197 1916 2278 dicentiS,
1950 2204 2329 2268 Emer-ancus
2359 2201 2580 2287 sactus
2607 2220 2754 2266 sum
2791 2199 3119 2285 frat-ribus

590 2290 801 2367 metis,
867 2297 928 2356 et
984 2289 1378 2376 pereqrinus
1421 2289 1585 2375 filiis
1633 2288 1869 2356 macris
1915 2310 2101 2356 meae
2136 2288 2348 2373 (Psal.
2393 2292 2555 2369 68);
2607 2285 2879 2356 deserui
2928 2299 3123 2355 notos

597 2397 786 2444 meos
832 2390 896 2443 et
945 2375 1389 2463 propinquos,
1445 2389 1508 2444 et
1556 2388 1631 2444 ut
1681 2375 1963 2445 liberius
2011 2378 2296 2451 Domino
2347 2397 2613 2465 possem
2667 2396 2953 2454 vacare,
3009 2396 3121 2444 so-

596 2461 913 2534 litudinis
958 2462 1131 2553 elegi
1182 2476 1478 2544 secreta;
1533 2478 1739 2551 utque
1835 2477 2147 2534 arentum
2197 2476 2260 2534 et
2350 2463 2734 2534 raediorum
2774 2462 3127 2533 dimissio-

596 2575 750 2623 nem
806 2566 1246 2643 praeteream,
1301 2553 1749 2643 Episcopatus
1846 2575 2121 2623 onorem
2173 2566 2236 2623 et
2334 2553 2555 2622 ivitias
2609 2553 2850 2622 mundi
2905 2554 3125 2621 susci·

599 2663 758 2732 pere
807 2663 941 2710 non
993 2642 1330 2711 consensi.
1387 2645 1464 2710 Et
1523 2663 1658 2728 quo
1724 2655 1916 2731 pacto
1979 2654 2128 2731 post
2187 2642 2363 2710 hanc
2425 2641 3009 2711 renunciationem
3061 2655 3128 2710 et

599 2730 1052 2800 voluntariam
1107 2743 1571 2819 paupertatem
1608 2784 1622 2808 ,
1678 2729 1892 2800 seculi
1944 2731 2032 2798 im
2094 2729 2351 2800 licabor
2412 2729 2722 2820 negotiis,
2777 2728 3131 2798 exaltabor

596 2819 998 2898 honoribus,
1041 2818 1457 2908 ponderibus
1483 2818 1956 2907 aggravabor?
1986 2823 2034 2887 Α
2086 2818 2192 2900 sit,
2236 2820 2540 2905 inquam,
2580 2819 2802 2904 utqui
2839 2840 3127 2887 manum

599 2910 668 2977 in
721 2920 1023 2977 aratrum
1076 2907 1280 2985 misi,
1333 2905 1570 2976 oculos
1627 2907 1709 2975 ad
1763 2906 1997 2976 relicta
2058 2921 2480 2992 retorqueam
2520 2960 2535 2984 ,
2587 2920 2651 2975 et
2706 2907 2884 2976 sicut
2930 2907 3129 2976 cauis

600 3012 894 3066 revertar
933 2995 1017 3064 ad
1069 2996 1424 3065 vomitum.
1477 2994 1675 3065 Scitis
1723 2995 1878 3083 ipsi,
1936 3015 2042 3063 me
2093 2995 2265 3064 inter
2314 3017 2430 3065 vos
2482 2996 2778 3081 positum
2838 2993 3130 3064 humili·

595 3086 716 3155 tati
763 3105 1034 3172 semper
1080 3084 1350 3152 dedisse
1397 3105 1671 3172 operam
1725 3097 1789 3153 et
1837 3082 2275 3171 subjectioni:
2333 3097 2396 3152 et
2442 3082 2785 3169 quomodo
2847 3082 3131 3153 creditis

594 3173 675 3242 ad
732 3173 896 3242 tanti
947 3171 1274 3242 culminis
1323 3193 1429 3241 me
1480 3172 1829 3261 provocari
1883 3193 2079 3261 posse
2125 3170 2533 3262 fastigium?
2580 3176 2907 3241 Innovate
2953 3194 3127 3242 con-

593 3260 775 3339 silia,
829 3260 1155 3330 aliorsum
1207 3282 1323 3329 vos
1374 3262 1650 3330 vertite:
1707 3260 1873 3329 mibi
1923 3259 2104 3346 quod
2145 3261 2377 3329 animo
2413 3258 2619 3330 semel
2663 3259 2949 3329 infixum
2994 3275 3123 3336 est,

597 3349 928 3420 Dominus
974 3349 1326 3417 immutari
1377 3370 1509 3418 non
1561 3349 1759 3418 sinet.
1803 3372 1837 3411 »
1887 3351 2007 3418 His
2055 3364 2118 3417 et
2166 3348 2514 3419 similibus
2580 3348 2804 3417 verbis
2851 3349 3128 3418 animos

598 3458 835 3507 eorum
887 3436 972 3504 ab
1021 3458 1140 3525 spe
1189 3437 1685 3527 impetrationis
1734 3436 1947 3524 hujus
1993 3438 2268 3507 amovit.
2306 3438 2575 3506 Vocavit
2621 3435 2872 3506 deinde
2904 3458 3129 3506 unum

594 3547 633 3594 e
681 3524 1028 3604 fratribuS,
1080 3538 1143 3594 et
1190 3547 1346 3594 eum
1399 3526 1859 3615 interrogavit,
1914 3526 2079 3613 quid
2129 3540 2354 3596 essent
2405 3541 2705 3614 tempore
2738 3523 3130 3595 refectionis

593 3613 967 3703 sumpturi.
1022 3617 1326 3700 Cumque
1375 3631 1780 3703 responsum
1830 3626 2026 3694 esset,
2081 3613 2556 3683 tantummodo
2606 3615 2979 3685 sextarium
3030 3611 3133 3682 fa·

593 3703 786 3772 rinae
834 3702 916 3772 ad
970 3724 1172 3772 usum
1234 3701 1471 3772 haberi
1525 3714 1930 3772 cunctorum
1964 3757 1979 3784 ,
2039 3700 2249 3790 jussit
2311 3702 2458 3772 fieri
2512 3724 2718 3791 panes
2750 3756 2765 3782 ,
2827 3701 3118 3772 dicens:

594 3814 631 3856 «
670 3795 910 3861 Potens
956 3804 1057 3860 est
1106 3796 1281 3860 Deus
1332 3813 1568 3879 parare
1619 3811 1923 3859 mensam
1976 3791 2044 3859 in
2095 3790 2458 3860 deserto.»
2522 3795 2600 3861 Et
2645 3812 2802 3861 cuin
2856 3790 3132 3860 fecisset

591 3878 773 3949 olera
823 3878 1088 3969 colligi,
1145 3881 1288 3969 ipse
1335 3899 1619 3948 sumens
1668 3891 1805 3948 rete
1851 3894 1915 3949 et
1961 3901 2177 3949 unum
2227 3901 2307 3948 ex
2354 3879 2719 3967 discipulis
2768 3879 2913 3949 suis
2961 3901 3131 3948 cum

592 3967 920 4038 fratribus
967 3968 1088 4055 qui
1136 3980 1692 4057 supervenerant,
1746 3968 1867 4036 ivit
1912 3967 1995 4037 ad
2047 3969 2413 4058 gurgitem,
2467 3967 2744 4037 dicens:
2800 3991 2838 4034 «
2880 3966 3132 4036 Videa-

595 4077 776 4136 muS,
831 4071 1060 4125 utrum
1115 4056 1499 4126 misericors
1555 4056 1886 4126 Dominus
1935 4055 2203 4143 aliquos
2254 4056 2502 4126 nostris
2553 4055 2710 4126 velit
2759 4056 3135 4125 necessita·

595 4143 778 4213 tibus
825 4143 1060 4245 largiri
1111 4145 1563 4234 pisciculos»
1614 4149 1919 4232 Cumque
1979 4144 2442 4230 pervenissent
2488 4144 2570 4214 ad
2608 4145 2977 4235 gurgitem,
3036 4144 3137 4212 vi·

592 4231 843 4302 derunt
894 4254 1143 4321 piscem
1195 4255 1523 4324 magnum
1577 4233 1644 4301 in
1698 4255 1914 4320 aquae
1961 4232 2358 4303 collectione
2398 4247 2768 4314 natantem,
2811 4231 3137 4319 duosque

592 4320 790 4390 illum
841 4321 1109 4409 insequi
1162 4323 1399 4401 lutras,
1452 4321 1651 4409 quasi
1700 4343 1943 4412 capere
1989 4320 2364 4412 fugientem
2424 4323 2746 4393 volentes.
2799 4320 3131 4392 Immisso
