3347 4999
196 343 395 411 OCT.
445 341 533 408 23
900 359 982 406 ns
1027 359 1084 407 s.
1138 358 1443 409 snvnauto
1487 358 1819 410 commun.
1871 361 2069 412 nrtsc.
2534 346 2651 414 66⁴

197 447 455 516 voluit.
509 442 637 526 Qui
688 456 988 533 tempore
1019 445 1341 513 Arrianae
1380 444 1737 516 haereseos
1788 445 1995 516 lorica
2036 445 2192 516 fidei
2230 447 2620 517 Dominicae
2649 448 2752 518 in-

195 536 453 612 dutus,
508 534 575 601 in
630 533 740 601 Dei
790 554 993 622 opere
1056 533 1451 621 spectabilis
1508 533 1658 612 tuit,
1712 534 1881 604 adeo
1941 549 2017 606 ut
2062 536 2629 606 convenientibus
2661 536 2746 606 ad

190 622 547 715 synodale
584 621 953 691 concilium
987 643 1066 690 ex
1103 636 1233 690 tota
1320 643 1446 691 ene
1484 623 1726 696 Gallia.
1764 622 2200 710 aliarumque
2237 625 2744 714 provinciarum

195 712 578 804 partibuS,
631 709 990 779 catholicis
1053 726 1118 779 et
1163 725 1261 779 ort
1321 709 1558 780 odoxis
1627 711 1784 780 fidei
1835 712 2257 783 Christianae
2303 712 2742 795 doctoribuS,

194 801 594 890 Euphrata‚
651 814 1061 868 memoratae
1109 798 1523 888 Agrippinae
1569 800 1885 870 Coloniae
1920 822 2051 870 non
2090 814 2379 890 pastore,
2419 802 2534 873 sed
2574 822 2747 871 mer·

190 889 519 966 cenario,
577 909 700 976 pro
751 886 1166 977 praelibatae
1216 888 1423 977 pestis
1473 888 1758 977 perfidia
1807 890 2170 968 destituto,
2229 890 2408 960 idem
2462 890 2749 959 sanctis-

184 981 439 1050 simus
506 978 616 1047 Dei
677 976 982 1045 famulus
1048 977 1460 1056 Severinum,
1515 991 1590 1047 ut
1653 977 1953 1047 infusam
2007 978 2337 1047 malitiam
2389 977 2748 1048 eliminare

185 1067 611 1144 debuisset,
665 1088 702 1133 a
767 1065 1039 1134 cunctis
1084 1065 1487 1154 aptissimus
1534 1066 2053 1138 acclamaretur.
2120 1066 2311 1149 Quod
2361 1068 2521 1154 quia
2577 1066 2753 1156 peri-

181 1155 479 1229 clinanti
536 1153 790 1244 populo
863 1154 1321 1224 necessarium
1373 1168 1556 1233 erat,
1616 1159 1749 1224 Deo
1801 1155 2133 1245 propitio,
2187 1157 2405 1225 sancti
2474 1155 2750 1225 concilii

180 1245 620 1317 auctoritate
668 1243 1013 1312 firmatum
1084 1256 1209 1311 est..
1285 1248 1663 1329 Actumque
1723 1257 1825 1313 est
1873 1245 2044 1313 mira
2094 1245 2586 1334 omnipotentis
2636 1242 2751 1314 Dei

180 1332 750 1423 dispensatione,
805 1344 881 1400 ut
930 1353 1061 1400 non
1116 1331 1525 1419 Euphratae,
1570 1331 2096 1402 scelestissimae
2139 1334 2600 1421 perversitatis
2637 1332 2750 1401 do-

182 1424 409 1502 ctori,
465 1422 828 1491 Severinus
875 1421 1128 1488 aeterni
1170 1420 1431 1509 judicis
1491 1441 1735 1509 praeco
1782 1422 2218 1502 succederet;
2271 1421 2387 1491 sed
2443 1420 2748 1512 pestil‘eri

185 1511 503 1583 seminis
550 1526 826 1579 auctore
863 1508 1144 1598 expulso
1191 1524 1254 1578 et
1299 1510 1771 1590 exterminato,
1824 1511 2107 1578 Materni
2157 1510 2513 1580 fortissimi
2561 1510 2749 1580 Chri-

185 1602 479 1671 stianae
532 1597 684 1666 fidei
742 1597 1315 1687 propugnatoris,
1368 1611 1432 1666 et
1483 1598 1993 1686 vigilantissimi
2046 1599 2520 1688 propagatoris
2553 1652 2569 1680 ‚
2625 1619 2749 1669 nec

188 1690 371 1761 fidei
441 1708 564 1756 nec
623 1685 976 1755 doctrinae
1041 1686 1454 1775 perfectione
1512 1687 1921 1768 dissimilis,
1976 1708 2335 1757 successor
2380 1688 2740 1758 existeret:

180 1790 557 1866 qutatenus
614 1773 1129 1865 perspicacibus
1174 1774 1607 1845 discretionis
1662 1775 2063 1855 obtutibuS,
2124 1776 2306 1863 quod
2363 1775 2542 1844 male
2591 1774 2747 1866 pul-

187 1867 550 1937 lulaverat
599 1863 998 1941 resecand0‚
1052 1862 1431 1932 decessoris
1478 1864 1588 1933 sui
1640 1864 2062 1933 monimenta
2117 1865 2632 1952 redintegraret,
2684 1877 2752 1933 et

186 1952 612 2040 impostoris
661 1952 1041 2029 mendac-ia,
1096 1950 1230 2021 lide
1279 1951 1634 2021 veriss·ma
1685 1953 2147 2032 reviviscente,
2201 1952 2579 2042 repelleret.

290 2049 333 2130 9·
383 2047 476 2112 8.
529 2041 726 2123 Quali
777 2056 1004 2109 autem
1059 2039 1415 2128 vigilantia
1464 2040 1595 2109 sibi
1644 2053 1713 2109 et
1757 2041 2112 2110 doctrinae
2159 2063 2325 2112 suae
2363 2095 2378 2120 ‚
2437 2054 2586 2130 post
2632 2062 2751 2109 su·

187 2142 524 2219 sceptum
580 2130 1062 2218 Episcopatum
1114 2129 1539 2209 attendisset,
1587 2128 1684 2198 vel
1736 2130 2032 2217 qualiter
2081 2129 2146 2198 in
2198 2130 2513 2200 custodia
2550 2128 2753 2200 ovilis

188 2220 342 2291 sibi
396 2217 635 2286 crediti
686 2218 1111 2297 desudasset,
1163 2239 1412 2287 corona
1454 2218 1788 2305 justitiae,
1841 2241 2048 2305 quam
2099 2240 2256 2288 eum
2303 2220 2444 2306 jam
2497 2219 2566 2287 in
2618 2224 2747 2288 An·

188 2308 522 2401 gelorum
565 2307 909 2375 consortio
940 2306 1328 2393 suscepisse
1363 2305 1515 2375 luce
1546 2306 1805 2377 clarius
1834 2320 1957 2387 est,
1995 2305 2553 2378 manifestissime
2585 2328 2755 2398 pan-

186 2400 329 2467 dit.
376 2395 565 2477 Quod
620 2395 675 2462 si
725 2395 882 2481 quis
929 2417 966 2463 a
1021 2395 1217 2464 nobis
1268 2395 1762 2464 miraculorum
1812 2396 2295 2483 ejusvirtutes
2320 2397 2550 2487 exigit,
2582 2397 2754 2465 sciat

188 2502 377 2558 tunc
429 2482 963 2584 temporis-plus
1021 2484 1233 2553 fuisse
1283 2485 1738 2555 necessariam
1792 2508 2191 2556 sermonum
2247 2486 2752 2574 interpretatio-

187 2597 417 2652 nem,
471 2595 679 2659 quam
734 2587 1060 2641 virtutum
1113 2575 1625 2663 operationem:
1680 2577 1847 2662 quia
1906 2588 2140 2645 contra
2191 2597 2308 2645 eos
2354 2575 2574 2644 extitit
2624 2597 2752 2664 pu-

246 2686 368 2742 na,
423 2663 541 2748 qui
599 2683 731 2730 non
787 2664 1129 2749 negabant
1182 2662 1291 2730 Dei
1347 2676 1743 2749 potestatem
1797 2666 1865 2734 in
1921 2662 2301 2743 miraculis
2347 2664 2462 2732 sed
2500 2668 2754 2749 aequa-

186 2690 467 2825 fitatem
520 2764 798 2820 sanctae
844 2763 910 2819 et
971 2750 1453 2838 inseparabilis
1511 2752 1860 2822 Trinitatis
1916 2752 1986 2821 in
2059 2752 2397 2843 personis.
2466 2753 2754 2821 Art-iana

185 2864 369 2934 ergo
423 2856 585 2909 tunc
632 2839 979 2909 contentio
1024 2842 1506 2929 grassabatur:
1542 2862 1680 2928 qua
1711 2862 1831 2911 eeo
1861 2841 2232 2921 crudelior,
2269 2863 2409 2927 quo
2443 2840 2747 2919 interior,

187 2934 289 3002 ita
350 2931 563 2998 totius
617 2949 787 3017 pene
840 2928 1176 2998 Ecclesiae
1226 2929 1484 2999 viscera
1535 2931 1951 3019 serpentinis
2004 2930 2278 3017 irrepsit
2325 2928 2622 3007 insidiis,
2675 2940 2753 2997 ut

187 3023 308 3089 vix
361 3031 544 3087 esset
588 3016 963 3087 credibile.
1012 3018 1353 3088 mundum
1432 3040 1738 3104 unquam
1815 3032 2042 3087 tantae
2112 3018 2323 3107 pestis
2401 3015 2746 3086 illecebris

242 3130 410 3178 osse
459 3128 727 3188 carere:
778 3120 845 3175 et
894 3107 1026 3176 nisi
1076 3108 1408 3177 suadente
1462 3109 1770 3187 Domin0,
1824 3106 2250 3176 Christianae
2313 3104 2599 3176 militiae
2650 3126 2752 3173 ro·

245 3195 596 3266 ustissimi
648 3195 1031 3272 bellatores,
1085 3217 1382 3283 quorum
1436 3197 1801 3265 Severinus
1852 3217 1985 3264 non
2023 3194 2341 3274 ultimus,
2390 3193 2643 3263 labenti
2677 3194 2748 3265 in

191 3286 416 3356 tantis
463 3283 948 3353 scandalorum
1002 3285 1400 3353 turbinibus
1431 3338 1447 3363 ,
1501 3300 1776 3353 sanctae
1826 3283 2165 3354 Ecclesiae
2212 3296 2741 3363 succurrerent,

193 3376 445 3467 pejora
507 3371 856 3459 prioribus
917 3385 1218 3461 tempora
1284 3372 1740 3462 proculdubio
1804 3375 2009 3453 citius
2074 3372 2500 3442 advenirent.
2556 3370 2754 3443 Tales

190 3461 459 3534 etenim
514 3473 678 3529 tunc
723 3481 873 3529 eam
925 3462 1196 3530 caninis
1240 3462 1586 3531 morsibus
1649 3461 2066 3541 lacerabant,
2118 3462 2360 3547 quales
2421 3461 2574 3547 ipsa
2640 3483 2749 3530 ve-

192 3555 371 3622 ritas
422 3547 764 3617 cavendos
812 3569 961 3617 esse
1014 3550 1520 3636 praemonebat.
1566 3549 1848 3619 dicens:
1897 3552 2233 3620 Attendite
2280 3574 2324 3620 a
2353 3552 2553 3639 salsis
2594 3572 2751 3640 pro·

191 3640 448 3733 plactis.
496 3639 621 3727 qui
649 3639 922 3706 veniunt
967 3639 1060 3706 ad
1103 3661 1218 3707 vos
1251 3640 1321 3707 in
1350 3640 1759 3708 vestimentis
1793 3642 2043 3717 ovium,
2090 3641 2490 3708 intrinsecus
2521 3650 2750 3707 aute-m

190 3739 355 3800 sunt
410 3728 564 3816 lupi
605 3748 927 3816 rapaces:
969 3750 1019 3795 a
1060 3728 1390 3816 fructibus
1436 3749 1664 3795 eorum
1712 3729 2112 3817 coquoscetis
2150 3749 2258 3797 eos
2300 3726 2743 3817 (Macth.vi1).

198 3816 646 3901 Faciliusque
717 3813 1001 3884 sortasse
1068 3815 1282 3894 soret,
1337 3829 1455 3884 aut
1496 3828 1747 3904 ,aperte
1811 3830 2045 3886 contra
2098 3817 2442 3885 veritatem
2496 3814 2749 3884 debac-

195 3908 494 3975 chantes
539 3925 658 3992 per
706 3903 1034 3972 rationem
1090 3906 1381 3982 vincere,
1434 3918 1554 3973 aut
1606 3926 1727 3992 pro
1773 3905 2009 3975 eadem
2059 3904 2335 3974 veritate
2378 3924 2633 3992 corpus
2676 3903 2746 3971 in

204 4009 495 4063 mortem
549 3992 860 4073 tradere,
913 4013 1119 4079 quam
1172 3992 1582 4063 simulantes
1620 3993 1961 4083 justitiam
2015 3993 2245 4083 gladio
2310 3991 2747 4065 rectitudinis

201 4103 628 4170 expugnare.
682 4094 746 4151 et
794 4081 1102 4150 infusum
1156 4081 1368 4160 virus,
1420 4082 1600 4170 quod
1646 4082 1793 4169 jam
1836 4105 1955 4171 per
1989 4081 2297 4151 membra
2331 4080 2600 4170 serpsit,
2643 4081 2748 4149 in-

206 4172 421 4239 terius
472 4169 1008 4240 medicinalibus
1055 4175 1457 4240 Sanctarum
1493 4171 2003 4261 Scripturarum
2060 4171 2326 4261 poculis
2377 4168 2736 4243 resolvere.

204 4270 271 4325 et
316 4257 402 4326 ad
442 4259 1184 4351 integrum-exsiccare.
1223 4264 1370 4342 Quo
1402 4260 1672 4329 virtutis
1704 4260 1934 4331 studio
1965 4259 2494 4350 sagacissimum
2531 4257 2748 4327 athle-

207 4359 345 4414 tam
398 4348 644 4417 Christi
688 4349 1086 4418 Severinum
1137 4348 1523 4418 decertasse
1568 4350 2046 4438 cognovimus,
2079 4350 2294 4419 Cu‘us
2326 4346 2746 4416 solemnitati

206 4448 467 4521 quanto
514 4436 826 4507 devotius
872 4438 1286 4513 insistimus.
1324 4451 1506 4535 tanto
1541 4460 1665 4507 nos
1697 4461 1882 4520 eum,
1920 4460 2124 4527 quem
2152 4371 2414 4519 dilexit,
2447 4451 2513 4505 et
2544 4436 2750 4525 cujus
