3347 4999
163 326 339 393 OCT.
395 327 422 390 4
1024 343 1101 389 ns
1151 342 1206 391 s.
1258 341 1517 388 aninmo
1563 340 1857 389 Ancnmr.
2528 326 2614 390 43

162 428 332 496 adeo
390 433 851 505 cessaverunt,
907 434 984 492 ut
1019 420 1454 522 postmodum
1518 421 1699 491 idem
1750 443 2013 522 pauper
2061 421 2265 492 homo
2316 422 2601 512 pacifice
2639 435 2703 495 et

161 516 312 585 sine
344 512 824 600 inquietudine
857 492 1233 598 posslderel
1266 532 1415 579 sua.
1445 515 1521 578 Et
1552 510 1882 597 quoniam
1909 511 2104 597 juxta
2138 511 2424 580 fluvium
2459 517 2696 582 Saram

162 604 234 672 in
289 602 438 671 loco
488 600 709 671 lutoso
747 602 1088 680 manebat,
1132 599 1497 667 maximam
1552 598 1938 667 molestiam
1988 599 2055 668 in
2107 600 2252 669 suis
2288 600 2703 671 habitaculis

160 714 199 761 a
250 691 689 781 serpentibus
741 689 1149 758 sustinebat.
1188 688 1315 770 Qui
1357 686 1709 775 accipiens
1763 687 2137 777 pulverem,
2190 710 2395 774 quem
2452 689 2537 758 de
2594 713 2705 780 pa-

159 781 465 849 vimento
503 777 831 848 ecclesiae
870 778 1089 846 sancti
1126 776 1421 865 Remigii
1454 774 1790 864 colligens
1837 797 2070 844 secum
2122 776 2390 858 detulit,
2424 800 2545 868 per
2578 801 2704 849 sua

159 867 558 939 habitacula
607 867 882 957 sparsit,
929 879 993 935 et
1029 879 1258 955 postea
1292 885 1573 954 serpens
1606 865 1672 933 in
1708 865 1807 933 eis
1852 862 2042 945 locis,
2083 864 2150 932 in
2183 865 2439 952 quibus
2475 866 2703 955 pulvis

161 980 452 1049 sparsus
504 954 763 1036 fuerat',
816 976 954 1023 non
1012 954 1356 1043 apparuit.
1411 953 1679 1035 Quibus
1731 954 2026 1023 ostensis
2085 953 2464 1034 miraculiS,
2521 968 2705 1024 certo

161 1046 423 1116 indicio
471 1045 792 1136 colligere
842 1065 1240 1133 possumuS,
1281 1042 1445 1129 quia
1502 1041 1557 1110 si
1614 1062 1751 1111 non
1803 1042 2218 1112 haesitantes
2273 1043 2343 1110 in
2399 1043 2565 1124 fide,
2634 1045 2704 1113 in

160 1135 729 1206 tribulationibus
780 1133 1030 1204 nostris
1088 1131 1422 1200 auxilium
1474 1130 1692 1199 sancti
1735 1131 2028 1220 Remigii
2068 1152 2146 1199 ex
2190 1131 2394 1233 corde
2434 1133 2704 1222 petieri-

161 1246 345 1305 muS,
385 1237 448 1292 et
503 1224 590 1292 ab
646 1221 1046 1312 angelorum
1084 1235 1385 1299 satanae,
1426 1219 1547 1305 qui
1587 1219 1658 1287 in
1702 1233 2013 1307 serpente
2070 1232 2354 1289 matrem
2410 1220 2703 1290 humani

162 1312 436 1403 generis
491 1311 836 1380 allocutus
890 1310 1294 1398 deceperat,
1348 1306 1927 1387 infestationibus,
1979 1319 2044 1376 et
2087 1329 2127 1376 a
2172 1330 2536 1398 pravorum
2581 1310 2705 1379 ho-

158 1403 440 1560 ffi‘mm
492 1399 1092 1490 improbitatibuS,
1145 1398 1295 1480 eius
1359 1396 1621 1467 meritis
1668 1408 1735 1465 et
1781 1396 2393 1471 intercessionibus
2455 1396 2706 1468 libera-

214 1512 421 1559 imur.

256 1588 293 1659 5
342 1582 429 1649 4.
483 1576 774 1659 Quidam
834 1575 937 1642 vir
986 1573 1238 1643 nobilis
1278 1574 1361 1642 de
1401 1574 1738 1644 territorio
1788 1575 2211 1655 Nivernensi,
2252 1575 2547 1646 obtentis
2600 1597 2703 1646 re-

161 1668 406 1755 liquiis
452 1666 633 1735 beati
667 1663 985 1753 Remigii,
1023 1663 1396 1731 oratorium
1433 1663 1500 1730 in
1538 1664 1691 1752 ejus
1731 1663 1987 1733 honore
2027 1664 2094 1732 in
2135 1664 2543 1754 proprietate
2577 1687 2704 1735 sua

159 1756 550 1835 aedificavit
581 1779 597 1820 t
652 1753 772 1822 ubi
826 1752 1156 1822 Dominus
1193 1751 1443 1843 multas
1474 1752 1757 1823 virtutes
1793 1774 1912 1839 per
1950 1753 2186 1822 merita
2228 1754 2450 1843 ipsius
2483 1755 2704 1824 sancti

159 1846 272 1915 sui
322 1842 639 1913 ostendit.
698 1847 861 1911 Cum
913 1853 1138 1910 autem
1177 1839 1497 1909 defuncto
1546 1842 1888 1910 Ludovico
1921 1842 2351 1931 imperatore,
2381 1842 2702 1929 Aquitani
2782 1878 2788 1886 ·

159 1932 514 2024 gentilicia
571 1930 947 1999 mobilitate
996 1929 1255 2016 absque
1290 1928 1465 2018 jugo
1524 1930 1884 2019 principis,
1943 1944 2143 2018 prout
2183 1931 2476 2017 quisque
2514 1946 2700 2019 pote-

160 2036 292 2103 rat,
334 2043 405 2089 se
439 2020 699 2099 efferre,
738 2031 801 2087 et
847 2018 932 2087 ad
968 2018 1256 2087 invicem
1297 2039 1632 2107 pugnare,
1679 2040 1758 2087 ac
1798 2041 1919 2109 per
1950 2019 2311 2108 contiguos
2347 2041 2556 2110 pagos
2588 2020 2704 2089 de-

158 2109 484 2179 bacchari
541 2120 934 2197 coeperunt,
996 2128 1334 2196 pauperes
1384 2106 1701 2177 homines
1750 2107 2241 2178 substantiolas
2276 2130 2438 2177 suas
2473 2110 2540 2177 in
2591 2131 2703 2177 ec-

160 2198 393 2269 clesiis
430 2218 753 2287 reponere
787 2195 1226 2265 studuerunt.
1266 2195 1458 2264 Unde
1490 2196 1735 2266 confisi
1774 2197 2099 2285 opinione
2132 2198 2486 2277 virtutum,
2522 2219 2701 2284 quae

159 2287 261 2356 ibi
309 2286 587 2367 fiebant,
629 2285 709 2354 ad
746 2284 1152 2353 salvandum
1192 2306 1320 2353 sua
1352 2284 1422 2351 in
1464 2284 1703 2353 eodem
1741 2286 2034 2355 oratorio
2067 2285 2326 2373 quique
2358 2299 2692 2376 poterant,

163 2376 473 2445 certatim
530 2386 995 2474 reposuerant.
1036 2371 1402 2441 Audientes
1441 2386 1666 2442 autem
1705 2374 2084 2463 praedones
2114 2374 2294 2443 idem
2327 2376 2701 2444 oratorium

160 2464 404 2535 multis
439 2464 898 2554 plurimorum
949 2461 1200 2551 opibus
1235 2461 1581 2544 refertum,
1635 2464 1943 2554 aggressi
1994 2477 2156 2534 sunt
2208 2485 2324 2533 eas
2372 2463 2698 2553 diripere.

161 2558 468 2636 Quorum
507 2574 691 2621 unus
722 2552 1115 2620 obseratum
1165 2550 1415 2620 ostium
1473 2552 1641 2638 pede
1721 2554 2034 2635 ercussit,
2087 2566 2165 2622 ut
2211 2575 2430 2622 seram
2466 2555 2704 2622 effrin-

161 2655 374 2732 geret,
430 2655 495 2711 et
546 2663 700 2709 mox
739 2640 961 2709 eidem
1014 2640 1187 2708 ostio
1238 2661 1354 2729 pes
1393 2639 1541 2727 ejus
1580 2640 1662 2709 ad
1724 2642 1918 2715 aesit.
1967 2656 2033 2712 et
2073 2643 2445 2731 resupinus
2506 2665 2702 2732 prae-

157 2744 479 2821 sumptor
518 2729 587 2799 in
641 2741 888 2798 terram
931 2728 1201 2798 cecidit.
1264 2728 1453 2811 Quod
1521 2729 1824 2799 videntes
1872 2730 2014 2810 alii,
2054 2730 2498 2820 aufugerunt.
2548 2730 2735 2820 Ipse‘

157 2832 387 2889 autem
443 2819 653 2888 miser
708 2818 1023 2887 cruciatu
1071 2832 1375 2907 cogente,
1430 2841 1590 2887 cum
1641 2820 1943 2888 maximo
1981 2819 2244 2908 ejulatu
2283 2818 2504 2908 coepit
2550 2818 2698 2888 cul-

157 2930 320 2998 pam
373 2929 572 2977 suam
623 2907 844 2989 fateri,
897 2920 962 2976 et
1008 2928 1166 2976 cum
1212 2905 1539 2995 lacrymis
1569 2908 2027 2978 amarissimis
2062 2907 2386 2997 profiteri.
2423 2907 2606 2994 quod
2641 2906 2701 2976 si

158 3001 341 3066 Deus
392 3018 513 3086 per
570 2996 812 3065 merita
872 2995 1094 3065 sancti
1156 2995 1450 3084 Remigii
1510 2996 1747 3084 pedem
1802 2997 1992 3065 illius
2039 2997 2125 3065 ab
2176 2997 2323 3084 ipso
2370 2995 2702 3086 compede

157 3085 486 3165 solveret,
542 3106 904 3171 nunquam
978 3083 1267 3153 ulterius
1324 3082 1409 3151 de
1475 3085 1624 3173 ipsa
1689 3084 1787 3154 vel
1839 3084 1924 3152 de
1973 3083 2107 3153 alia
2155 3083 2444 3153 ecclesia
2501 3086 2701 3174 quic-

154 3196 365 3261 quam
418 3174 702 3270 tolleret,
760 3171 858 3241 vel
912 3173 1080 3253 tolli,
1125 3185 1461 3259 quantum
1516 3174 1583 3241 in
1630 3173 1780 3263 ipso
1828 3187 2036 3253 esset,
2093 3173 2237 3242 ullo
2288 3174 2489 3243 modo
2533 3196 2699 3244 con-

156 3264 463 3333 sentiret.
517 3262 868 3331 Caballum
918 3283 1191 3347 quoque
1240 3283 1447 3330 suum
1497 3284 1654 3330 cum
1710 3261 1901 3342 sella,
1936 3276 2000 3331 et
2044 3262 2180 3331 alia
2226 3284 2403 3349 quae
2452 3263 2695 3352 potuit,

156 3351 240 3420 ad
297 3351 611 3420 eamdem
660 3350 1021 3421 ecclesiam
1079 3349 1394 3419 donavit:
1449 3351 1687 3436 sicque
1736 3362 1887 3439 post
1934 3350 2432 3421 confessionem
2484 3366 2549 3421 et
2597 3351 2699 3420 la-

155 3462 433 3530 crymas
481 3453 684 3526 atque
785 3437 1227 3508 rosessionem
1276 3452 1341 3507 et
1388 3452 1645 3519 votum,
1704 3461 1823 3528 pes
1869 3440 2019 3528 ejus
2058 3440 2144 3509 ab
2193 3440 2390 3520 ostio,
2444 3441 2558 3509 cui
2597 3441 2703 3509 in-

156 3537 492 3608 haeserat,
535 3541 635 3597 est
665 3550 739 3597 so
773 3540 955 3597 utus,
986 3532 1465 3596 Verumtamen
1504 3540 1732 3614 postea
1771 3528 1856 3596 de
1890 3528 2039 3618 ipso
2078 3528 2271 3598 arido
2300 3529 2471 3619 pede
2498 3529 2693 3599 clau-

156 3617 291 3687 dus
340 3618 693 3696 remansit,
749 3615 1140 3704 usquedum
1184 3628 1778 3704 computrescente
1824 3640 2024 3687 crure
2071 3640 2150 3688 ac
2204 3616 2482 3701 femore,
2542 3630 2694 3707 post

154 3706 506 3775 diutinum
559 3704 860 3774 laborem
917 3717 1230 3774 mortuus
1278 3703 1430 3773 suit.
2399 3773 2412 3780 ,

245 3797 282 3881 ξ
320 3800 409 3866 ὅ.
463 3795 752 3875 Quando
793 3807 928 3863 tres
962 3792 1205 3862 fratres
1241 3814 1458 3882 reges,
1494 3793 1852 3873 Clotarius,
1885 3794 2270 3865 Ludovicus
2294 3806 2359 3863 et
2391 3795 2696 3876 CaroluS,

157 3904 449 3973 regnum
507 3894 657 3971 post
707 3883 918 3971 patris
965 3883 1076 3951 sui
1124 3881 1388 3950 obitum
1454 3882 1632 3951 inter
1681 3904 1752 3952 se
1800 3883 2207 3964 diviserunt,
2265 3884 2695 3974 episcopium

159 3977 562 4049 Rhemense,
618 3970 799 4057 quod
855 3971 1127 4040 tenebat
1161 3970 1356 4039 Folco
1394 3971 1771 4061 presbyter,
1827 3972 2111 4042 Carolus
2160 3972 2335 4041 inter
2385 3973 2701 4043 homines

157 4083 321 4130 suos
369 4059 624 4140 divisit,
666 4058 898 4127 villam
937 4058 1281 4129 Juliacum
1322 4058 1672 4130 Richwino
1723 4060 1792 4129 in
1836 4060 2251 4130 beneficium
2292 4061 2503 4130 dedit.
2532 4066 2699 4130 Cum

157 4162 385 4218 autem
438 4172 609 4218 uxor
639 4148 851 4227 illius,
901 4148 1178 4217 nomine
1207 4152 1423 4228 Berta,
1463 4149 1529 4216 in
1572 4148 1900 4219 cubiculo
1932 4149 2134 4218 villae
2166 4150 2385 4238 ipsius
2413 4151 2695 4239 jaceret,

153 4238 335 4306 venit
383 4238 467 4306 ad
509 4260 659 4307 eam
711 4248 992 4307 sanctus
1043 4237 1423 4337 Remigius,
1478 4237 1753 4307 dicens:
1808 4243 1947 4308 Non
1989 4250 2091 4306 est
2131 4238 2255 4308 iste
2295 4238 2488 4308 locus
2539 4252 2699 4308 tuus

154 4326 239 4394 ad
261 4326 666 4415 jacendum.
722 4326 1015 4395 Alterius
1052 4326 1275 4394 meriti
1308 4339 1373 4394 et
1406 4325 1613 4395 oflicii
1646 4326 1845 4395 debet
1883 4347 2055 4406 esse,
2091 4327 2211 4414 qui
2245 4327 2425 4396 hanc
2461 4327 2694 4396 villam

158 4412 431 4496 habere,
490 4428 555 4484 et
621 4416 686 4483 in
739 4415 868 4485 hoc
930 4415 1251 4486 cubiculo
1291 4416 1525 4508 jacere
1570 4414 1793 4484 debet.
1850 4418 2066 4504 Surge
2111 4428 2570 4504 quantocyuS,
2631 4427 2696 4485 et
