3347 4999
224 315 406 382 OCT.
459 316 545 381 29
994 333 1072 379 ns
1116 332 1173 379 S.
1226 329 1530 381 Mactsso
1578 332 1680 378 ΕΡ.
1731 330 2022 380 mnosoL.
2564 315 2692 380 743

221 417 610 508 cupiditate
659 417 831 488 vitae
881 417 947 485 in
1001 416 1382 507 sapientiae
1429 437 1508 485 ac
1557 417 1832 486 virtutis
1878 414 2108 486 studio
2149 416 2525 508 degendae,
2565 439 2776 504 quam

209 507 494 596 jamdiu
545 519 939 596 optaverat,
993 506 1080 576 ab
1146 505 1370 575 oculis
1435 505 1796 576 universae
1862 503 2332 575 multitudinis
2380 528 2452 575 se
2506 506 2781 595 penitus

233 595 542 677 removit,
587 609 653 665 et
692 596 758 664 in
812 593 1194 664 solitudine.
1234 593 1538 680 locisque
1571 592 1860 663 desertis
1888 592 1973 662 ad
2019 592 2396 664 multorum
2433 616 2780 665 annorum

230 685 531 785 spatium
585 684 790 753 vitam
838 682 1190 772 transegit.
1235 687 1483 751 Verum
1521 681 1846 751 sublimis
1881 681 1995 751 ille
2028 681 2302 753 divinae
2328 683 2641 772 justitiae
2674 683 2778 753 ul·

231 773 577 861 nonisque
622 772 929 852 obtutus,
987 771 1098 841 his
1136 771 1515 841 sceleribus
1567 771 1873 860 patratis,
1919 771 2204 841 minime
2237 771 2617 859 acquievit:
2658 772 2777 844 sed

279 861 799 931 uamcelerrime
840 859 1090 950 impios
1138 859 1292 930 illos
1340 871 1406 928 et
1445 880 1743 946 nequam
1785 859 2126 941 homines,
2165 861 2287 947 qui
2336 861 2512 930 inter
2533 860 2779 950 juran-

221 884 400 1020 dum
454 964 587 1019 tam
640 948 811 1019 diris
856 948 1408 1018 execrationibus
1455 971 1529 1018 se
1575 961 1813 1018 contra
1846 949 2111 1039 seipsos
2143 949 2589 1041 obligassent,
2621 970 2777 1040 gra-

228 1038 433 1110 vibus
479 1037 992 1108 calamitatibus
1040 1038 1405 1127 oppressit.

319 1130 356 1214 ἓ
403 1132 487 1200 4.
547 1127 821 1196 Primus
869 1126 1080 1216 igitur
1119 1126 1424 1205 illorum,
1480 1124 1779 1195 scintilla
1846 1126 2213 1216 perexigua
2270 1139 2478 1196 noctu
2534 1126 2604 1195 in
2662 1148 2777 1196 ae-

221 1216 374 1297 deS,
412 1215 670 1303 quibus
702 1216 1155 1294 inhabitabat,
1210 1238 1289 1284 ex
1333 1213 1524 1283 nulla
1565 1236 1772 1283 causa
1809 1229 2200 1305 antegressa
2241 1214 2469 1286 subito
2506 1226 2767 1297 ruente,

229 1306 480 1375 misere
525 1327 683 1374 cum
741 1316 879 1374 tota
929 1303 1190 1373 familia
1249 1315 1310 1372 et
1352 1304 1563 1393 stirpe
1593 1324 1720 1372 sua
1757 1303 1997 1392 rapido
2045 1303 2484 1373 flammarum
2529 1303 2775 1374 ardore

229 1394 515 1465 omnino
561 1392 1034 1483 conflagravit.
1104 1391 1394 1462 Alterius
1454 1412 1708 1482 corpus
1761 1392 1998 1462 eodem
2052 1392 2313 1473 morb0‚
2375 1415 2581 1480 quam
2644 1393 2775 1465 sibi

227 1497 584 1569 tamquam
637 1482 966 1552 mulctam
1008 1480 1150 1551 fore
1197 1482 1617 1572 imprecatus
1657 1493 1857 1559 esset,
1899 1481 1987 1551 ab
2018 1481 2339 1551 extremis
2377 1482 2627 1570 pedum
2666 1482 2773 1551 di·

229 1571 395 1663 gitis
420 1570 503 1639 ad
527 1585 735 1661 caput
764 1592 985 1658 usque
1018 1569 1374 1651 infectum,
1405 1568 1783 1639 contabuit.
1817 1565 2081 1640 Tertius
2114 1591 2564 1640 aerumnosos
2597 1571 2776 1662 prio·

230 1682 383 1730 rum
435 1675 715 1730 eventus
768 1659 1187 1749 adspicienS,
1248 1673 1314 1728 et
1349 1660 1486 1740 Dei,
1540 1658 1661 1745 qui
1705 1658 1927 1729 oculis
1967 1658 2201 1728 omnia
2250 1659 2580 1739 intuetur,
2628 1661 2770 1728 ine-

227 1747 578 1818 vitabilem
631 1747 961 1819 ultionem
1020 1747 1398 1817 admodum
1468 1746 1968 1828 reformidans,
2035 1746 2257 1837 palam
2311 1747 2489 1816 inter
2535 1769 2776 1817 omnes

232 1837 596 1920 maleficia,
665 1837 1126 1907 communiter
1184 1859 1224 1905 a
1288 1858 1360 1907 se
1407 1835 1692 1922 suisque
1744 1836 1951 1907 sociis
2002 1857 2122 1926 per
2168 1834 2481 1905 fraudem
2534 1849 2776 1906 contra

223 1927 625 1997 Narcissum
675 1925 1005 2007 admissa,
1049 1924 1407 1995 confessus
1440 1936 1581 1994 est:
1636 1924 1751 1994 sed
1819 1937 2042 1994 tamen
2093 1923 2260 1993 dum
2341 1946 2462 2013 pro
2526 1924 2775 1995 delicto

230 2015 638 2106 gravissime
685 2013 1233 2095 condolescebat,
1271 2013 1479 2082 tantis
1510 2025 1575 2082 et
1623 2025 1762 2082 tam
1803 2013 2072 2083 acerbis
2107 2011 2427 2083 lamentis
2487 2035 2561 2084 se
2608 2014 2775 2084 affli-

226 2105 461 2185 ctavit,
512 2117 579 2172 et
628 2125 850 2189 usque
884 2125 962 2172 eo
988 2103 1331 2192 lacrymas
1366 2101 1721 2172 effundere
1755 2123 1887 2172 non
1926 2101 2205 2182 destitit,
2242 2102 2466 2188 quoad
2505 2115 2775 2173 utrum-

228 2214 364 2280 que
389 2191 668 2262 oculum
705 2192 835 2261 sibi
876 2192 1147 2280 penitus
1184 2190 1602 2262 extinxisset.
1641 2194 1852 2277 Atque
1893 2190 1959 2260 hi
1995 2212 2116 2280 pro
2149 2211 2228 2259 ea
2261 2190 2768 2273 criminatione,

228 2280 405 2350 falso
453 2293 687 2350 contra
739 2280 1134 2350 Narcissum
1185 2279 1501 2360 conficta,
1557 2277 1725 2347 tales
1769 2300 2022 2369 poenas
2066 2278 2563 2370 persolverunt.

321 2371 358 2455 ἓ
404 2375 489 2441 ὅ.
560 2368 689 2438 Ubi
732 2370 1094 2438 Narcissus
1146 2389 1219 2438 se
1269 2368 1338 2437 in
1389 2367 1618 2438 locum
1670 2366 2014 2444 desertum
2066 2368 2556 2450 subduxisset,
2626 2381 2691 2438 et
2737 2391 2779 2439 a

233 2458 512 2527 nemine
557 2469 737 2527 esset
793 2478 917 2547 pro
965 2469 1148 2527 certo
1195 2455 1574 2548 cognitum,
1613 2479 1753 2545 quo
1800 2478 1872 2528 se
1920 2458 2311 2550 recepisset,
2378 2457 2489 2528 his
2526 2458 2646 2546 qui
2694 2456 2776 2528 fi-

233 2546 500 2616 nitimis
541 2545 862 2616 Ecclesiis
912 2558 1296 2637 praeerant,
1371 2546 1596 2616 visum
1637 2545 1767 2616 fuit
1800 2601 1815 2628 ,
1871 2559 1947 2616 ut
1993 2547 2284 2617 alterum
2357 2548 2776 2638 Episcopum

225 2635 589 2725 suffragiis
635 2648 969 2705 crearent.
1011 2634 1174 2705 Dius
1209 2635 1420 2725 igitur
1456 2635 1632 2725 (boc
1685 2635 1867 2704 enim
1926 2636 2203 2705 nomine
2241 2635 2416 2724 erat)
2471 2634 2776 2705 delectus

223 2725 516 2810 est3cui
566 2746 701 2794 non
754 2723 960 2815 longo
1009 2736 1315 2815 tempore
1355 2724 1731 2795 Ecclesiam
1782 2723 2199 2814 gubernanti
2249 2724 2581 2793 successit
2611 2728 2775 2794 Ger-

229 2814 560 2883 manion:
613 2833 751 2902 quo
798 2827 1090 2895 mortun,
1151 2813 1447 2883 Gordius
1491 2813 1979 2903 Episcopatum
2033 2812 2315 2882 obtinet.
2356 2811 2569 2901 Cujus
2605 2824 2776 2881 tem-

229 2903 518 2992 poribus
550 2902 939 2981 Narcissus,
983 2916 1332 2990 tamquam
1363 2924 1443 2972 ex
1476 2900 1768 2972 mortuis
1793 2901 1877 2970 ad
1913 2900 2120 2970 vitam
2157 2900 2386 2970 denuo
2420 2912 2777 2970 revocatus

225 3013 273 3060 a
310 2991 641 3063 fratribus
686 2991 978 3082 (quippe
1009 3013 1251 3061 omnes
1299 2991 1456 3061 illos
1489 2990 1841 3079 deincepS,
1887 3002 2029 3058 tum
2074 2989 2256 3076 quod
2311 3001 2447 3058 tam
2507 2988 2779 3078 placido

227 3102 310 3149 ac
358 3081 587 3168 quieto
634 3081 871 3150 animo
919 3080 1092 3150 falso
1146 3092 1514 3150 accusatus
1552 3077 1959 3158 decesserat,
2016 3091 2159 3148 tum
2203 3077 2384 3166 quod
2432 3078 2779 3170 singulari

221 3168 501 3239 divinae
533 3169 910 3258 sapientiae
956 3182 1022 3239 et
1074 3168 1341 3238 virtutis
1384 3188 1617 3236 amore
1668 3166 2028 3256 flagrabat,
2068 3179 2213 3236 tum
2300 3178 2597 3236 raeterea
2632 3187 2777 3237 om-

231 3258 423 3326 nium
479 3259 797 3338 maxime,
851 3258 1035 3344 quod
1082 3261 1258 3326 Deus
1305 3255 1391 3325 de
1423 3255 1575 3345 ejus
1608 3255 2129 3326 accusatoribus
2163 3189 2391 3325 dessita
2431 3255 2780 3346 supplicia

223 3366 504 3415 sumere
563 3345 891 3436 dignatus
941 3359 1066 3425 est,
1104 3345 1174 3414 in
1213 3345 1540 3435 majorem
1578 3346 1687 3414 sui
1726 3343 2254 3414 admirationem
2302 3344 2661 3436 rapiebat),
2701 3357 2779 3414 ut

228 3432 570 3503 Ecclesiae
616 3433 1090 3523 gubernacula
1135 3432 1363 3503 denuo
1410 3433 1811 3523 susciperet,
1846 3433 2282 3503 vehementer
2313 3445 2592 3524 rogatus
2641 3446 2767 3503 est.

225 3527 305 3592 Et
351 3543 514 3590 eum
562 3522 920 3593 Narcissus
954 3544 1090 3592 non
1126 3520 1433 3611 amplius
1477 3535 1754 3612 propter
1802 3522 2391 3612 ingravescentem
2426 3534 2714 3593 aetatem
2743 3521 2779 3556 ⁴*

229 3610 608 3681 ministerio
643 3631 955 3700 praeesse
990 3623 1240 3701 posset,
1276 3610 1675 3692 Alexander,
1708 3610 1794 3679 de
1831 3632 1970 3697 quo
2000 3631 2213 3701 supra
2248 3610 2462 3680 locuti
2496 3632 2769 3689 sumus,

219 3699 512 3770 alterius
550 3699 889 3769 Ecclesiae
921 3700 1326 3790 Episcopus,
1361 3699 1597 3769 divina
1655 3699 2083 3789 providentia
2115 3721 2235 3789 per
2264 3699 2771 3777 revelationem,

217 3810 403 3877 quae
456 3802 663 3857 noctu
703 3788 837 3878 ipsi
884 3789 1273 3860 secundum
1313 3788 1612 3876 quietem
1649 3788 2111 3878 apparuisset,
2153 3802 2227 3861 ut
2258 3808 2416 3858 cum
2460 3787 2777 3857 Narcisso

225 3879 298 3947 in
353 3877 734 3947 ministerio
783 3877 1123 3949 Ecclesiae
1182 3876 1537 3968 fungendo
1593 3880 2155 3966 conjungeretur,
2218 3877 2595 3946 accersitus
2647 3887 2775 3945 est.

229 3965 420 4036 Unde
452 3965 939 4046 Alexandrum,
978 3990 1140 4037 cum
1181 3979 1533 4054 tamquam
1567 3965 1803 4035 divino
1836 3965 2137 4052 quodam
2173 3964 2455 4034 oraculo
2495 3986 2573 4034 ex
2611 3969 2780 4055 Cap-

227 4054 569 4145 padocum
623 4076 693 4124 re
746 4054 922 4136 ione,
976 4056 1097 4127 ubi
1149 4056 1455 4146 primum
1506 4057 1574 4124 in
1627 4059 1675 4124 E
1731 4055 2080 4144 iscopatus
2129 4054 2355 4145 gradu
2402 4052 2781 4124 fuissetlo—

225 4156 421 4213 catus
463 4145 708 4214 Jeroso
736 4166 972 4246 ymam
1040 4158 1186 4215 tum
1240 4145 1422 4223 voti,
1476 4156 1622 4213 tum
1702 4164 1983 4214 ocorum
2054 4142 2498 4213 visendorum
2565 4145 2781 4213 causa

223 4232 687 4315 contenderet,
743 4233 934 4303 ullius
983 4233 1323 4304 Ecclesiae
1370 4232 1616 4303 fratres
1661 4254 1821 4302 eum
1855 4231 2210 4320 excipiunt
2245 4232 2770 4322 benignissime,

223 4332 294 4389 et
327 4341 457 4390 non
509 4322 815 4413 amplius
853 4321 1142 4393 domum
1195 4323 1434 4393 reverti
1482 4322 1928 4413 permittunt:
1981 4319 2190 4409 idque
2240 4333 2519 4412 propter
2567 4319 2781 4390 aliam

277 4447 305 4469 ¹
333 4448 520 4490 Annum
541 4452 714 4492 aetatis
732 4460 849 4492 aute
869 4451 1051 4502 ngebtt,
1069 4451 1124 4491 ut
1143 4451 1309 4498 fertur.
1330 4460 1403 4491 cx.
