3347 4999
758 307 884 370 538
1370 319 1446 366 ns
1493 320 1549 366 s.
1600 317 1789 366 susro
1837 319 1953 367 sim
2000 318 2255 368 susrmo
2303 319 2491 367 nitar.
2875 302 3036 368 OCT.
3090 303 3162 367 48

673 413 800 477 Deo
838 407 1068 475 anima
1116 403 1327 473 illius·
1365 407 1527 472 Ante
1574 411 1827 484 autem,
1880 425 2087 492 quam
2132 404 2239 473 hic
2272 403 2585 473 lustinus
2635 405 2702 473 in
2753 404 2968 473 lucem
3021 404 3159 473 ede-

670 509 876 575 retur,
931 496 1136 564 frater
1181 492 1330 581 ejus
1375 492 1813 561 Justinianus
1850 492 1936 561 ab
1993 492 2304 563 hostibus
2350 503 2616 583 captus,
2660 506 2724 563 et
2775 492 3004 582 procul
3049 494 3155 562 ab·

666 586 914 654 ductus
959 595 1081 652 est.
1128 585 1203 650 At
1252 581 1487 650 beatus
1522 601 1693 671 puer
1719 582 2032 651 Justinus
2061 603 2099 649 a
2135 582 2381 650 teneris
2428 582 2629 650 annis
2678 582 2882 651 rebus
2928 581 3157 649 divinis

666 675 974 744 animum
1053 669 1359 772 appulit,
1444 669 1725 739 Domino
1776 668 1872 739 illi
1922 669 2359 756 quotidianae
2406 669 2662 760 gratiae
2730 693 2893 740 suae
2961 670 3155 739 incre-

670 774 893 832 menta
943 760 1294 850 largiente.
1347 763 1649 845 Cumque
1706 770 1880 828 esset
1934 758 2300 829 virtutibus
2352 771 2666 838 ornatuS,
2737 760 2939 828 etiam
2993 758 3154 827 sutu-

668 873 899 921 rorum
952 848 1458 940 praenotionem
1533 860 1598 916 et
1666 846 2019 916 scientiam
2093 847 2419 917 divinitus
2467 847 2749 938 accepit.
2822 853 3047 935 Itaque
3087 868 3153 915 ex

666 939 935 1012 Domini
984 937 1387 1009 revelatione
1416 935 1653 1005 didicit
1694 935 1966 1005 fratrem
2006 958 2208 1006 suum
2246 959 2282 1005 a
2334 958 2445 1005 ere
2480 938 2543 1005 in
2588 938 2931 1015 servitute,
2976 951 3154 1023 atque

663 1033 812 1120 eius
846 1030 1085 1098 herum
1125 1033 1391 1115 Lupum
1424 1025 1772 1096 Ambianis
1802 1026 1836 1060 ⁴*
1871 1025 2195 1095 babitare.
2243 1030 2268 1094 1
2323 1047 2455 1113 que
2491 1047 2643 1096 mox
2692 1026 2892 1096 refert
2929 1025 3012 1102 ad
3052 1047 3152 1116 pa·

665 1133 859 1199 trem,
916 1117 1286 1187 adhortans
1331 1136 1514 1194 eum,
1568 1127 1642 1183 ut
1681 1115 1806 1184 iter
1854 1115 2034 1185 susci
2092 1115 2184 1183 iat
2242 1113 2326 1183 ad
2389 1114 2610 1184 filium
2666 1115 3145 1185 redimendum.

563 1258 565 1260 -
666 1207 1135 1298 Respondente
1184 1219 1392 1296 patre,
1435 1225 1505 1272 se
1538 1203 1798 1273 nescire
1830 1204 1953 1272 iter
1987 1203 2032 1271 il
2069 1202 2184 1282 ud,
2242 1214 2517 1273 sanctus
2570 1226 2738 1293 puer
2776 1204 3008 1274 animo
3051 1225 3147 1273 ac-

663 1320 933 1379 censuS,
1000 1296 1237 1365 urbem
1288 1314 1559 1363 omnem
1613 1292 2261 1363 Autissiodorensem
2342 1294 2700 1384 peragrat,
2755 1292 3002 1363 ducem
3048 1291 3151 1361 ali-

663 1409 864 1476 quem
914 1384 1066 1473 ejus
1117 1382 1375 1452 itineris
1422 1382 1841 1470 quaeritans.
1895 1381 2021 1451 Sed
2069 1402 2228 1450 cum
2294 1381 2526 1452 nullus
2596 1394 2812 1463 esset,
2873 1382 3039 1451 redit
3078 1380 3149 1449 ad

667 1489 948 1565 patrem,
996 1472 1248 1543 indicat
1287 1493 1358 1541 se
1390 1472 1732 1540 neminem
1797 1470 2072 1558 quidem
2138 1470 2498 1551 invenisse,
2533 1470 2654 1558 qui
2700 1492 2780 1540 eo
2814 1472 2972 1541 velit
3019 1491 3151 1561 pro-

664 1565 925 1636 ficisci:
972 1577 1039 1633 at
1086 1585 1208 1632 nec
1258 1561 1354 1632 sic
1408 1574 1627 1630 tamen
1691 1559 2098 1629 cessandum
2149 1580 2318 1629 esse.
2364 1583 2398 1626 «
2460 1565 2858 1649 PergamuS,
2928 1559 3144 1648 inquit,

668 1668 876 1747 pater,
930 1652 1191 1722 Christo
1222 1650 1488 1730 comite,
1543 1648 1661 1737 qui
1712 1671 1844 1719 non
1910 1650 2084 1718 sinet
2144 1671 2267 1718 nos
2325 1649 2493 1718 votis
2524 1648 2837 1719 frustrari
2880 1648 3147 1720 nostris:

665 1767 788 1813 nec
818 1743 1185 1831 quicquam
1229 1739 1346 1809 illo
1396 1752 1761 1830 praeeunte
1798 1739 1991 1808 nobis
2040 1738 2303 1807 adversi
2352 1753 2704 1808 occurret:
2759 1738 2879 1808 sed
2920 1739 3149 1807 ibimus

665 1834 880 1903 illaesi
924 1831 1436 1915 incolumesque
1475 1827 1877 1897 redibimus,
1925 1851 1960 1893 »
2013 1833 2275 1897 Rursus
2316 1840 2538 1918 pater:
2579 1851 2613 1894 «
2667 1828 2994 1915 Equidem
3041 1826 3151 1894 sor-

667 1922 890 2002 lassis»,
934 1920 1024 1989 mi
1060 1921 1181 2001 fili,
1224 1931 1484 1988 tantum
1520 1918 1645 1987 iter
1684 1917 1977 2007 perferre
2007 1929 2259 2006 potero,
2299 1916 2559 1988 viribus
2592 1917 2803 1987 fretus
2828 1916 3148 2007 corporis:

665 2026 736 2082 tu
787 2032 939 2079 vero
978 2031 1133 2079 cum
1187 2008 1281 2077 sis
1321 2006 1610 2075 tenellus
1659 2028 1850 2096 puer,
1890 2028 2118 2077 vereor
2165 2027 2328 2075 sane
2374 2020 2449 2075 ut
2498 2007 2740 2097 possis
2789 2030 2824 2071 »
2859 2005 3151 2076 ,lustinus

665 2099 1036 2192 respondit:
1083 2121 1119 2164 «
1154 2097 1398 2166 Christi
1428 2118 1552 2165 etro
1591 2118 1827 2165 servus
1860 2111 2037 2176 sum,
2076 2095 2186 2165 cui
2222 2117 2346 2185 ego
2387 2096 2557 2164 bene
2595 2095 2892 2177 confido,
2929 2095 3153 2180 cuique

666 2213 773 2259 me
819 2210 1089 2278 semper
1148 2150 1627 2255 commendare
1676 2184 1878 2254 soleo.
1934 2190 2208 2264 EamuS,
2265 2195 2474 2274 pater,
2541 2185 2607 2253 in
2671 2185 2821 2275 ejus
2872 2183 3147 2255 nomine.

664 2279 763 2346 illi
813 2278 1016 2347 totius
1083 2274 1345 2344 itineris
1383 2274 1695 2343 effectum
1764 2274 2285 2354 committentes,
2341 2284 2748 2364 gratumque
2815 2273 3146 2343 habentes,

663 2364 988 2454 quicquid
1040 2365 1101 2433 ei
1148 2363 1369 2433 facere
1433 2363 1655 2432 visum
1728 2362 1876 2432 erit.
1931 2385 1967 2428 »
2017 2362 2360 2450 Acquievit
2431 2375 2640 2452 pater,
2700 2376 2765 2433 et
2830 2364 3031 2433 rebus
3080 2356 3150 2429 ad

664 2456 790 2527 iter
837 2454 1235 2525 necessariis
1273 2452 1708 2542 comparatiS,
1764 2453 1888 2522 iter
1920 2451 2211 2543 ingressi
2245 2463 2428 2522 sunt.

751 2554 789 2627 ἓ
835 2549 924 2617 8.
978 2548 1066 2613 Ea
1117 2557 1308 2612 nocte
1340 2542 1681 2612 Meloduni
1727 2543 1796 2576 *³*
1838 2553 2260 2623 manserunt,
2292 2542 2611 2633 ad-cujus
2689 2554 2872 2611 ortas
2963 2557 3153 2641 auper

659 2633 940 2722 quidam
988 2634 1086 2703 eis
1120 2633 1300 2702 venit
1345 2631 1638 2712 obviam,
1677 2643 1741 2701 et
1792 2630 2039 2719 pedum
2090 2630 2334 2713 officio,
2386 2644 2450 2700 et
2505 2652 2635 2701 ocu
2663 2653 2862 2701 orum
2942 2648 3153 2700 umine

662 2726 963 2804 orbatuS,
1004 2723 1085 2792 ad
1128 2744 1205 2791 ea
1240 2720 1669 2791 incommoda
1720 2719 2080 2790 accedente
2112 2721 2314 2791 etiam
2350 2717 2502 2789 dira
2531 2720 2711 2789 same
2756 2732 2820 2788 et
2869 2716 3152 2809 corporis

663 2814 989 2883 nuditate.
1047 2812 1207 2881 Petit
1247 2811 1454 2880 miser
1501 2811 1745 2900 stipem
1797 2832 1835 2878 a
1881 2809 2170 2879 Justino.
2222 2811 2539 2881 Justinus
2587 2808 2846 2878 indicat
2897 2807 3062 2899 patri
3098 2817 3151 2873 et

659 2903 744 2973 ab
792 2925 870 2972 eo
903 2914 1212 2991 acceptas
1252 2922 1442 2969 escas
1490 2898 1606 2969 dat
1654 2898 1865 2988 inopi.
1920 2903 2124 2967 Porro
2164 2899 2288 2967 sua
2336 2920 2407 2968 se
2446 2899 2677 2968 tunica
2725 2897 3050 2987 spolians,
3088 2915 3152 2963 ea

659 2992 851 3061 vestit
902 2991 1165 3060 nudum
1231 2989 1503 3080 gemino
1566 2987 1896 3058 beneficio
1958 2987 2282 3058 afflictum
2344 2987 2670 3057 refovens
2725 2991 2814 3056 Εέι
2882 3009 2953 3057 re
3001 3005 3151 3054 non-

662 3081 829 3150 nihil
871 3095 1252 3150 commotus
1304 3090 1512 3166 pater,
1573 3077 1795 3168 coepit
1840 3077 2207 3167 objurgare
2263 3098 2447 3157 eum,
2506 3076 2674 3145 illud
2728 3071 3151 3168 benignitatis

657 3183 720 3240 et
770 3169 1213 3238 humanitatis
1250 3167 1578 3249 officium,
1616 3166 2056 3257 dispendium
2100 3188 2369 3236 vocans.
2411 3172 2655 3236 Contra
2687 3187 2845 3235 vero
2896 3174 3150 3235 sanctus

708 3282 831 3328 uer
888 3257 1237 3327 Justinus:
1292 3280 1327 3322 «
1380 3257 1546 3336 Noli,
1601 3257 1846 3343 inquit,
1915 3268 2101 3346 pater
2147 3255 2397 3325 sactum
2452 3255 2577 3325 boc
2611 3254 2962 3345 dispendii
3026 3252 3153 3320 loco

709 3348 929 3426 abere,
972 3368 1127 3414 cum
1195 3346 1389 3415 nobis
1440 3368 1560 3436 pro
1622 3345 1740 3414 illo
1807 3357 2077 3414 aeterna
2127 3345 2193 3413 in
2244 3343 2450 3413 coelis
2501 3342 2854 3413 beatitudo
2890 3339 3153 3434 promit·

664 3449 882 3515 tatur,
941 3433 1206 3504 dicente
1256 3434 1512 3523 Spiritu
1571 3439 1814 3503 Sancto
1864 3456 1982 3524 per
2032 3433 2470 3524 prophetam:
2527 3438 2769 3502 Beatus
2816 3436 2942 3524 qui
2983 3430 3156 3500 intel-

662 3527 813 3615 lt'qt‘t
857 3546 1058 3614 super
1103 3546 1381 3613 eqenum
1411 3534 1472 3593 et
1517 3547 1924 3616 pauperem:
1965 3525 2030 3591 in
2084 3525 2187 3592 die
2248 3524 2436 3592 mala
2494 3524 2802 3592 liberabit
2862 3544 3011 3591 eum
3046 3523 3153 3588 Do·

660 3616 897 3693 minax,
963 3623 1023 3682 et
1064 3614 1144 3681 ab
1175 3614 1414 3681 audita
1455 3617 1633 3682 malo
1670 3636 1802 3682 non
1835 3614 2106 3682 timebit.
2147 3611 2318 3682 Mala
2357 3610 2503 3683 dies
2542 3612 2668 3680 erit
2718 3612 2976 3700 impiiS,
3017 3626 3150 3677 cum

660 3705 725 3771 in
778 3715 1073 3771 extremo
1103 3701 1366 3791 judicio
1415 3701 1934 3771 damnabuntur
1980 3724 2017 3770 a
2062 3707 2213 3782 De0,
2259 3700 2484 3770 arsuri
2516 3723 2673 3770 cum
2711 3699 2986 3770 diabolo
3016 3699 3154 3787 igne

660 3793 1092 3884 sempiterno.
1150 3798 1198 3859 A
1248 3790 1425 3860 malo
1473 3802 1700 3859 autem
1773 3791 2110 3860 timebunt
2179 3790 2449 3871 audito,
2501 3789 2619 3878 qui
2674 3803 2834 3859 tunc
2896 3787 3155 3857 audient

657 3905 885 3952 vocem
921 3879 1108 3949 illam
1139 3879 1534 3949 terribilem:
1592 3885 1709 3959 lte,
1743 3881 2106 3958 maledicti,
2163 3882 2231 3948 in
2279 3881 2499 3970 ignem
2525 3891 2892 3949 aeternam.
2931 3883 3006 3947 In
3045 3875 3154 3944 hac

656 3971 766 4040 die
798 3970 999 4048 mala,
1028 3992 1163 4057 qua
1198 3968 1714 4038 damnabuntur
1749 3969 1968 4059 impii,
2009 3968 2109 4038 illi
2138 3968 2634 4048 liberabuntur,
2678 3969 2795 4054 qui
2832 3973 3155 4057 praestant

657 4060 1180 4148 eleemosynam:
1240 4080 1361 4127 nec
1409 4080 1523 4127 eos
1570 4058 1850 4128 auditus
1884 4057 2106 4127 malus
2142 4059 2437 4138 terrebit,
2479 4057 2591 4126 sed
2641 4057 2863 4147 potius
2897 4053 3155 4124 audient

656 4172 695 4218 a
744 4149 1042 4219 Christo:
1122 4150 1359 4226 Venite,
1414 4149 1740 4218 benedicti
1805 4149 2024 4216 Patris
2069 4150 2222 4226 mei,
2283 4148 2610 4237 possidete
2657 4168 2939 4237 requam
3045 4137 3155 4210 uod

657 4239 834 4308 vobis
877 4248 1194 4328 paratum
1256 4249 1349 4306 est
1423 4240 1503 4307 ab
1572 4239 1832 4327 orz'9z'ne
1880 4238 2134 4306 mundi.
2189 4238 2461 4306 Esurivi
2523 4238 2723 4315 enim,
2788 4245 2847 4305 et
2904 4234 2983 4303 de
3032 4230 3156 4300 istis

710 4400 1158 4502 λῦᾶιιιιίῖείίζιῖὶὶῗῖ
1177 4401 1290 4441 urba
1309 4402 1417 4442 sede
1438 4399 1691 4451 episcopan
1711 4399 1870 4447 ditata,
1889 4401 2028 4447 Petri,
2046 4403 2127 4451 qui
2147 4402 2346 4443 Eremtea
2365 4400 2551 4448 dicitur,
2569 4403 2735 4450 patria.
