3347 4999
182 339 345 404 OCT.
404 339 483 402 -13
1080 358 1158 402 na
1207 357 1261 403 s.
1318 354 1610 404 Enuanno
1660 358 1820 405 REGE
2507 347 2631 411 367

180 443 339 512 Aliis
385 462 683 527 namque
748 440 1167 520 interfectiS,
1232 440 1387 509 aliis
1436 440 1691 529 sugatis
1722 497 1736 523 ‚
1790 442 1946 511 aliis
1999 445 2168 535 jugo
2219 446 2720 536 ignominiosae

182 531 521 602 servitutis
568 530 918 620 oppressis
954 585 969 610 ,
1027 530 1193 598 nihil
1249 528 1385 598 fere
1435 529 1738 610 honoris,
1795 530 1966 600 nihil
2017 533 2275 622 gloriae
2324 549 2555 607 nostro
2650 561 2722 607 e-

181 621 319 689 neri
371 619 818 706 reliquerunt.
874 618 1173 687 Tandem
1213 673 1228 698 ,
1281 618 1605 689 defuncto
1666 632 1857 709 patre
1908 642 2108 701 meo,
2211 627 2538 713 eremptis
2617 651 2720 697 ra-

179 710 419 789 tribus,
470 708 640 777 actis
697 707 765 775 in
819 706 1137 777 exsilium
1194 707 1603 808 nepotibus,
1657 720 1722 777 et
1767 731 1926 777 cum
1981 709 2155 780 hosti
2210 734 2294 781 us
2347 716 2595 783 nostris
2644 717 2716 784 in

177 798 498 868 omnibus
545 796 817 866 fortuna
850 795 1154 876 .faveret‚
1210 796 1380 865 m1hi
1437 796 1733 897 profecto
1783 798 1953 866 nihil
2008 799 2150 889 spei
2216 822 2577 889 superesse
2623 805 2718 873 vi-

175 888 482 956 debatur.
538 891 674 975 Ego
724 906 878 954 vero
909 898 1146 954 contra
1197 907 1384 974 spem
1437 908 1506 953 tn
1560 908 1749 976 spem
1802 886 2113 966 credens,
2166 901 2230 958 et
2274 892 2543 960 Domini
2583 893 2715 960 mei

183 975 688 1045 misericordiae
736 994 845 1042 me
894 987 1107 1043 totum
1160 974 1443 1054 dedenS,
1505 997 1661 1064 pere
1718 976 2124 1046 rinationem
2179 999 2397 1047 meam
2437 979 2519 1048 ad
2568 1003 2724 1049 san-

176 1078 432 1135 ctorum
488 1062 961 1154 Apostolorum
1019 1063 1260 1132 limina
1311 1063 1481 1139 vovi,
1536 1076 1598 1132 et
1698 1065 1974 1156 einceps
2022 1065 2296 1136 divinae
2337 1089 2444 1136 me
2496 1082 2722 1169 prote-

176 1154 379 1223 ctioni
430 1152 1002 1243 dispositionique
1050 1152 1392 1221 commisi.
1447 1151 1567 1221 Ille
1615 1164 1843 1223 autem
1896 1156 2190 1244 respexit
2229 1155 2296 1224 in
2339 1172 2714 1228 orationem

177 1264 394 1313 meam
434 1297 449 1323 ‚
519 1256 584 1310 et
634 1262 765 1309 non
834 1241 1089 1329 sprevit
1155 1262 1417 1329 precem
1486 1263 1759 1323 meam,
1825 1256 1890 1311 et
1937 1243 2220 1314 abstulit
2266 1247 2714 1335 opprobrium

176 1353 431 1413 meum,
487 1342 552 1400 et
601 1329 894 1399 restituit
924 1352 1030 1398 me
1066 1330 1134 1397 in
1174 1351 1459 1419 regnum
1506 1331 1720 1431 patris
1762 1332 1918 1399 mei.
1958 1337 2251 1422 Insuper
2282 1336 2716 1405 cumulatum

176 1419 432 1491 divitiis
479 1420 670 1488 auxit
709 1418 951 1507 gloria,
1007 1418 1209 1488 donis
1256 1418 1667 1488 coelestibus
1715 1419 2104 1490 illustravit.
2161 1427 2315 1511 Ipse
2358 1423 2507 1494 sine
2557 1446 2716 1495 san-

175 1511 380 1600 guine
431 1507 718 1578 rebelles
769 1507 1062 1596 subegit,
1120 1508 1344 1576 hostes
1376 1507 1729 1588 subvertit,
1774 1523 1837 1577 et
1885 1510 2118 1579 omnia
2159 1525 2390 1581 nostra
2430 1514 2713 1583 amabili

171 1599 468 1685 quadam
525 1618 691 1687 pace
724 1596 1131 1685 composuit.
1186 1596 1372 1665 Absit
1419 1608 1489 1665 ut
1544 1610 1634 1666 tot
1682 1611 1745 1666 et
1795 1599 2001 1667 tantis
2046 1599 2199 1687 ejus
2232 1601 2585 1671 beneficiis
2622 1603 2715 1671 in·

176 1688 535 1756 veniamur
585 1686 885 1772 ingrati;
938 1685 1109 1770 quin
1161 1686 1386 1774 potius
1432 1684 1516 1753 de
1568 1708 1776 1754 manu
1832 1689 2266 1758 inimicorum
2322 1704 2712 1761 nostrorum

171 1775 461 1865 liberati,
521 1774 903 1844 serviamus
952 1773 1053 1841 illi
1102 1774 1171 1842 in
1215 1774 1483 1861 justitia
1523 1786 1586 1843 et
1643 1777 1958 1857 veritate,
2014 1777 2481 1865 faciamusque
2527 1780 2708 1867 quod

168 1865 256 1933 ait
292 1864 627 1954 Propheta
660 1887 673 1930 :
722 1868 973 1942 Vovete,
1013 1873 1074 1931 et
1107 1863 1365 1931 reddite
1414 1865 1686 1932 Domino
1721 1870 1850 1934 Deo
1889 1876 2102 1936 vestro
2125 1867 2261 1957 (Px.
2299 1867 2434 1957 75).
2473 1874 2711 1938 Decer-

169 1954 305 2024 nite
342 1976 509 2044 ergo
560 1974 855 2031 mecum,
893 1951 1260 2038 quomodO,
1325 1974 1432 2019 me
1487 1954 1986 2042 peregrinante,
2042 1977 2329 2045 regnum
2383 1958 2714 2027 subsistat

165 2041 572 2131 Anglorum;
611 2063 748 2128 qua
800 2041 968 2129 lege,
1023 2062 1159 2126 qua
1212 2062 1374 2130 pace
1409 2096 1423 2121 ‚
1476 2062 1612 2127 qua
1664 2041 1953 2129 justitia.
2001 2066 2139 2128 quo
2186 2045 2425 2134 judice
2480 2047 2714 2115 omnia

166 2131 657 2221 disponantur;
710 2129 866 2217 quis
897 2143 1144 2208 castra,
1196 2129 1423 2229 urbeS,
1475 2131 1730 2219 privata
1793 2146 1855 2200 ct
1920 2133 2192 2220 publica
2236 2135 2504 2223 negotia
2559 2158 2713 2224 pro·

164 2235 379 2290 curet.
447 2220 587 2288 Erit
635 2232 861 2287 autem
901 2240 1086 2287 unus
1136 2240 1446 2287 omnium
1499 2231 1731 2288 custos
1762 2233 1827 2288 et
1862 2234 2196 2310 protector
2229 2228 2427 2303 Deus,
2483 2236 2547 2293 et
2595 2247 2715 2314 pa-

160 2331 301 2379 cem
356 2330 574 2397 quam
628 2308 837 2386 dedit,
891 2308 1034 2396 ipse
1073 2306 1391 2386 servabit,
1436 2308 1794 2376 nobiscum
1852 2310 2329 2400 proficiscenS‚
2387 2325 2450 2381 et
2494 2316 2712 2383 rema·

162 2420 355 2478 nenS‚
411 2396 636 2484 quiet
686 2418 800 2465 vos
830 2396 1193 2475 custodiat,
1229 2409 1294 2464 et
1322 2417 1428 2463 me
1460 2395 1760 2465 reducat.
1803 2423 1827 2463 n
1884 2404 2073 2468 Tunc
2120 2422 2359 2470 omnes
2409 2403 2475 2469 in
2528 2424 2713 2471 corn·

163 2490 352 2557 muni
410 2485 863 2555 vociferantes
918 2485 1000 2554 ad
1047 2507 1313 2574 regem,
1370 2507 1439 2552 se
1505 2508 1636 2555 non
1690 2487 2136 2572 deserendOS,
2192 2512 2263 2558 se
2322 2513 2454 2560 non
2507 2514 2711 2581 expo-

172 2578 440 2646 nendos
470 2575 744 2665 gladiis,
802 2575 1090 2665 patriam
1147 2573 1462 2643 hostibus
1513 2596 1645 2644 non
1694 2577 2154 2665 prodendam,
2212 2601 2333 2648 nec
2368 2603 2490 2668 pro
2539 2603 2702 2659 uno,

165 2678 239 2734 ut
286 2665 686 2755 putabatur,
733 2664 911 2732 bono
962 2677 1054 2732 tot
1092 2662 1517 2731 admittenda
1552 2666 1857 2753 pericula
1907 2666 2316 2768 allegabant.
2359 2673 2546 2737 Tunc
2598 2690 2710 2737 rex

164 2776 400 2824 eorum
463 2754 743 2822 vocibus
775 2765 839 2821 et
881 2752 1201 2841 precibus
1234 2752 1466 2837 urgeri
1514 2774 1587 2822 se
1620 2755 1947 2837 sentiens,
1994 2756 2115 2825 diu
2166 2756 2233 2824 in
2298 2758 2531 2827 animo
2579 2758 2712 2826 ssu-

165 2845 485 2914 ctuabat:
540 2842 703 2929 quia
737 2853 802 2910 et
848 2853 999 2910 voto
1050 2841 1495 2929 supersedere
1531 2843 2025 2932 periculosum,
2063 2859 2127 2914 et
2178 2859 2520 2916 tantorum
2557 2867 2709 2934 pre-

163 2933 363 3002 cibus
403 2931 820 3017 fletibusque
872 2952 1001 2999 non
1047 2930 1308 3009 cedere,
1361 2931 1825 3001 inhumanum
1871 2933 2354 3004 arbitrabatur.
2405 2935 2703 3003 Tandem

166 3020 791 3122 peregrinationem
858 3018 1218 3100 differens,
1299 3022 1732 3109 exspectabat
1792 3021 2008 3091 donec
2056 3024 2438 3112 Apostolico
2493 3023 2710 3093 fultus

162 3111 484 3189 consilio,
539 3120 658 3178 aut
707 3122 935 3180 votum
989 3109 1373 3187 redimeret,
1428 3120 1545 3177 aut
1586 3109 1925 3199 impleret.

250 3202 287 3284 ξ
335 3203 499 3273 1⁰.
552 3203 838 3267 Demum
894 3196 1193 3266 Pontifex
1246 3219 1567 3266 summus
1590 3197 1645 3278 ⁴³,
1704 3200 2154 3269 consideratis
2206 3201 2601 3290 praemissis
2641 3212 2706 3269 et

161 3287 535 3377 diligenter
568 3287 928 3365 discussiS,
985 3286 1126 3374 regi
1166 3284 1523 3374 epistolam
1560 3286 1951 3378 subscripta
1984 3290 2442 3359 continentem
2487 3304 2708 3360 trans-

163 3377 377 3447 misit.
440 3398 473 3441 «
526 3381 652 3443 Leo
702 3376 1081 3463 Episcopus
1138 3395 1377 3443 servus
1443 3396 1792 3444 servorum
1847 3378 2002 3458 Dei,
2056 3378 2303 3448 dilecto
2378 3378 2520 3448 filio
2583 3400 2709 3449 suo

162 3463 489 3533 Eduardo
523 3468 615 3532 An
676 3462 895 3533 lorum
949 3464 1112 3552 regi,
1167 3463 1455 3532 salutem
1508 3476 1573 3531 et
1620 3466 2070 3553 Apostolicam
2133 3467 2702 3537 benedictionem.

161 3554 503 3634 Quoniam
545 3575 621 3621 vo
659 3565 956 3621 untatem
998 3565 1184 3621 tuam
1224 3551 1639 3621 laudabilem
1673 3567 1739 3623 et
1773 3559 1900 3624 Deo
1934 3569 2199 3644 gratam
2228 3558 2699 3647 cognovimuS‚

158 3643 425 3730 gratias
473 3643 746 3730 agimus
786 3641 871 3721 ei,
911 3663 1030 3731 per
1061 3662 1262 3727 quem
1310 3662 1502 3730 reges
1538 3657 1847 3731 regnant,
1887 3658 1950 3712 et
1987 3645 2332 3735 principes
2367 3647 2554 3731 justa
2587 3644 2706 3712 de-

157 3743 481 3800 cernunt.
541 3731 663 3798 Sed
708 3731 872 3817 quia
911 3752 1119 3830 prope
1153 3742 1254 3799 est
1308 3730 1635 3799 Dominus
1672 3731 1735 3798 in
1781 3732 1968 3800 omni
2031 3733 2174 3802 loco
2234 3733 2560 3802 omnibus
2599 3735 2707 3800 in-

155 3819 571 3888 vocantibus
620 3841 775 3887 eum
813 3819 879 3886 in
918 3830 1214 3897 veritate,
1253 3831 1317 3886 et
1347 3820 1564 3888 sancti
1601 3820 1898 3908 Apostoli
1932 3843 2089 3890 cum
2129 3843 2252 3890 suo
2285 3845 2361 3891 ca
2420 3822 2504 3890 ite
2542 3843 2710 3890 con-

146 3907 410 3996 juncti,
450 3929 634 3976 unus
677 3907 961 3996 spiritus
1011 3919 1195 3986 sunt,
1252 3920 1314 3975 et
1352 3907 1496 3996 pias
1548 3930 1785 3998 preces
1819 3910 2195 3998 aequaliter
2253 3933 2343 3979 au
2402 3912 2585 3989 iunt;
2638 3921 2704 3980 et

152 3998 324 4083 quia
394 4007 659 4065 constat
724 3995 1092 4086 periclitari
1143 3995 1495 4086 Anglicam
1549 3997 1893 4086 regionem
1948 4021 2028 4068 ex
2072 4013 2183 4068 tua
2231 3999 2651 4068 discessione
2682 4054 2697 4079 ,

146 4087 271 4171 qui
309 4084 545 4154 fraeno
590 4085 897 4171 justitiae
945 4085 1305 4154 seditiosos
1353 4086 1502 4174 ejus
1536 4099 1764 4157 motus
1798 4088 2119 4166 cohibes;
2173 4109 2253 4157 ex
2301 4089 2704 4157 auctoritate

148 4175 271 4243 Dei
316 4186 383 4241 et
414 4187 811 4243 sanctorum
854 4173 1326 4262 Apostolorum
1377 4173 1804 4246 absolvimus
1840 4191 1898 4246 te
1931 4199 1972 4245 a
2001 4187 2278 4268 peccato
2321 4176 2508 4246 illius
2541 4177 2697 4255 voti,

145 4285 279 4352 pro
323 4284 462 4347 quo
509 4262 837 4333 offensam
899 4263 1013 4331 Dei
1063 4263 1285 4342 times,
1354 4277 1418 4333 et
1457 4263 1549 4348 ab,
1590 4266 1916 4335 omnibus
1966 4266 2405 4357 negligentiis
2456 4279 2520 4335 et
2570 4266 2704 4333 ini-

144 4352 543 4440 quitatibus
605 4353 762 4434 tuis,
816 4375 896 4423 ea
952 4365 1277 4443 potestate
1327 4353 1458 4432 usi,
1523 4374 1659 4440 qua
1726 4356 2054 4425 Dominus
2117 4356 2183 4424 in
2253 4355 2446 4427 beato
2510 4361 2701 4424 Petro

203 4476 232 4504 ²¹¹
262 4476 366 4515 Leo
393 4478 571 4520 Nonus,

2397 4749 2477 4882 ὃ
