3347 4999
200 359 373 427 OCT.
425 359 507 424 24
822 376 901 422 me
952 374 1009 423 s.
1061 374 1311 421 AnnmA
1358 373 1548 421 nar.
1602 373 1679 420 ar
1727 372 1926 421 socus
1974 373 2125 422 mus
2528 358 2658 423 693

290 470 329 544 ἓ
381 463 531 533 88.
586 464 938 530 Caeterum
983 458 1083 529 illi
1118 458 1399 545 quidem
1442 481 1599 528 cum
1641 458 1899 528 multos
1933 457 2081 529 dies
2121 459 2250 529 iter
2276 459 2601 530 fecissent
2630 480 2750 551 per

203 552 350 622 loca
383 550 577 619 arida
611 563 675 618 et
710 549 1004 618 transitu
1044 547 1380 629 difficilia,
1416 568 1657 617 omnes
1699 547 2131 629 interierunt,
2176 561 2254 619 ut
2285 550 2404 637 qui
2440 570 2565 619 nec
2597 571 2748 638 per·

202 640 431 710 venire
479 639 563 708 ad
615 638 1063 720 Homeritam,
1120 658 1246 706 nec
1306 636 1390 706 ad
1436 637 1785 727 regionem
1837 658 2036 706 suam
2091 638 2438 728 potuerint
2485 638 2732 709 redire.

200 734 336 799 Rex
386 741 614 798 autem
657 749 816 797 cum
859 727 1007 816 jam
1055 737 1233 796 esset
1283 726 1732 817 navigaturus
1774 779 1790 806 ,
1846 725 2026 796 venit
2074 726 2160 796 ad
2213 726 2596 816 templum,
2653 727 2737 796 ad

198 818 403 908 cujus
451 816 630 886 fores
680 816 868 906 regia
910 828 1127 897 veste,
1181 814 1476 902 aliisque
1522 814 1851 906 insigniis
1911 815 2187 906 imperii
2234 815 2590 906 depositiS,
2646 817 2750 884 in·

197 929 482 997 gressus
530 905 815 993 quidem
865 916 967 974 est
1014 904 1083 973 in
1139 904 1403 995 privato
1450 903 1736 973 habitu:
1816 916 2006 974 stans
2055 915 2283 975 autem
2333 926 2411 974 ex
2462 904 2751 974 adverso

197 1017 392 1076 arae,
448 1017 607 1064 cum
661 999 873 1063 Deum
929 992 1226 1063 multum
1292 1005 1585 1073 orasset,
1639 1004 1705 1062 et
1767 992 1943 1062 saeta
1992 993 2079 1062 ab
2128 993 2279 1084 ipso
2329 994 2397 1062 in
2449 997 2751 1084 Aegypto

200 1083 543 1154 miracula
591 1096 797 1169 atque
831 1083 901 1151 in
953 1082 1100 1172 ipsa
1138 1081 1510 1152 solitudine
1539 1104 1662 1183 pro
1702 1082 2054 1163 Hebraeis,
2089 1082 2157 1151 in
2204 1083 2606 1152 memoriam
2645 1104 2751 1151 re-

198 1185 551 1244 vocasset:
606 1194 642 1238 «
682 1170 815 1251 Illi,
863 1171 1157 1251 dicebat,
1214 1170 1496 1241 fuerunt
1541 1172 1796 1262 ingrati
1830 1171 1899 1240 in
1947 1184 2008 1241 te
2055 1170 2582 1254 benefactorem,
2635 1192 2752 1240 ne·

198 1283 336 1350 que
369 1260 474 1330 illi
508 1260 761 1340 solum,
815 1259 932 1330 sed
984 1260 1032 1329 ii
1080 1260 1313 1343 etiam,
1367 1259 1487 1347 qui
1534 1282 1615 1330 ex
1660 1261 1762 1330 eis
1812 1260 1954 1329 nati
2003 1272 2188 1330 sunt.
2232 1266 2332 1331 Tu
2357 1261 2541 1330 enim
2585 1261 2745 1341 sciS,

202 1350 514 1430 Domine,
569 1369 778 1436 quam
832 1370 905 1420 se
947 1348 1123 1418 male
1173 1349 1511 1440 gesserint
1556 1350 1626 1418 in
1666 1362 1781 1418 tua
1813 1349 2106 1430 civitate,
2147 1350 2376 1436 utqui
2412 1347 2746 1441 populum

199 1440 403 1509 illum
460 1460 580 1529 per
627 1437 866 1510 dolum
918 1437 1524 1520 circumvenerint,
1576 1450 1641 1508 et
1689 1437 2059 1508 consilium
2107 1438 2390 1508 inierint
2421 1438 2753 1509 adversus

201 1534 488 1598 Sanctos
538 1539 716 1607 tuos,
761 1539 827 1596 et
891 1526 960 1595 in
1011 1548 1129 1597 eos
1175 1527 1297 1613 qui
1348 1538 1657 1608 restant,
1724 1526 1954 1596 adhuc
2007 1527 2188 1597 mala
2235 1527 2747 1597 machinentur.

199 1616 393 1700 Quod
445 1616 503 1686 si
556 1627 789 1685 nostra
842 1628 1116 1705 peccata
1168 1615 1233 1683 id
1290 1630 1665 1698 merentur,
1722 1615 1842 1685 sed
1894 1637 1978 1685 ne
2027 1631 2101 1686 tu
2141 1637 2267 1687 nos
2318 1615 2547 1686 tradas
2598 1614 2752 1685 illo-

201 1728 359 1776 rum
414 1704 778 1774 manibus:
832 1704 1013 1792 quod
1067 1719 1294 1774 autem
1348 1705 1498 1794 ipse
1531 1704 1851 1785 volueris,
1894 1705 2024 1774 hoc
2056 1718 2357 1795 except0‚
2392 1705 2752 1775 nobisim-

202 1816 384 1884 pone
433 1793 884 1884 supplicium,
942 1816 1028 1863 ne
1065 1792 1238 1863 forte
1284 1792 1553 1863 dicant:
1595 1795 1874 1864 Ubinam
1921 1804 2019 1863 est
2065 1796 2364 1885 ipsorum
2415 1795 2743 1872 Chr-tatus,

201 1893 481 1974 propter
525 1905 723 1975 quem
751 1884 1164 1974 qloriantur,
1221 1893 1284 1952 et
1334 1887 1525 1954 Crux
1557 1884 1704 1974 ejus
1719 1884 1793 1951 5³»
1825 1887 2006 1952 Haec
2036 1905 2194 1952 cum
2235 1897 2553 1973 precatus
2584 1881 2751 1952 fuis·

202 1983 305 2041 set
353 1995 512 2041 cum
568 1971 920 2061 lacrymis,
973 1971 1326 2062 egreditur
1361 1994 1398 2041 e
1447 1971 1727 2061 templo,
1773 1985 1838 2040 et
1883 1993 1919 2041 e
1966 1971 2257 2053 civitate,
2299 1986 2364 2041 et
2395 1972 2478 2041 ad
2514 1993 2749 2059 quem·

206 2061 367 2130 dam
422 2061 841 2131 monachum
880 2115 895 2141 ,
949 2062 1069 2146 qui
1144 2074 1421 2151 propter
1466 2060 1738 2129 virtutis
1786 2060 2247 2150 operationem
2299 2061 2556 2152 dignus
2602 2073 2747 2129 erat

204 2148 515 2230 habitus,
562 2161 641 2218 ut
691 2148 1113 2239 praevideret
1162 2148 1419 2230 sutura,
1473 2161 1538 2219 et
1590 2149 1654 2216 in
1700 2161 1994 2240 angusta
2043 2148 2379 2220 turricula
2420 2150 2566 2237 jam
2593 2171 2748 2237 qua·

206 2237 843 2329 dragintaquinque
891 2259 1113 2307 annos
1158 2237 1381 2307 fuerat
1409 2236 1747 2312 inclusus.
1792 2238 1998 2327 pedes
2040 2239 2322 2307 venitin
2356 2239 2594 2308 eodem
2633 2240 2752 2307 ha-

206 2325 359 2395 bitu
396 2381 411 2406 ,
465 2326 551 2395 de
603 2325 863 2417 proelio
922 2327 1422 2397 sciscitaturus.
1492 2326 1729 2396 Attulit
1775 2338 2001 2396 autem
2052 2329 2431 2429 composita
2479 2349 2754 2414 quoque

207 2414 691 2503 thymiamata,
746 2416 813 2483 in
866 2415 1124 2503 quibus
1172 2415 1375 2484 etiam
1420 2438 1668 2485 aurum
1712 2415 1999 2486 latenter
2028 2417 2525 2486 immiscuerat.
2564 2421 2752 2499 Quae

205 2526 367 2573 cum
422 2504 819 2575 tradidisset
889 2505 1088 2584 seni,
1141 2506 1512 2593 quaerebat
1562 2528 1846 2596 preces,
1902 2518 1968 2574 et
2014 2507 2069 2575 si
2127 2507 2590 2577 nificationem
2641 2528 2753 2576 eo-

203 2614 360 2694 rum
413 2614 590 2680 quae
637 2607 834 2663 erant
897 2607 1247 2664 eventura.
1314 2595 1436 2664 Ille
1501 2609 1772 2676 autem,
1844 2595 2003 2666 dolo
2107 2596 2533 2686 eprehenso,
2587 2617 2748 2665 cum

199 2703 526 2769 quisnam
578 2697 778 2763 esset,
831 2684 1090 2773 optime
1141 2695 1406 2752 nosset:
1460 2706 1496 2750 «
1533 2685 1621 2753 sit
1670 2696 1943 2765 tecum,
2021 2684 2287 2771 inquit,
2345 2689 2562 2763 Deus,
2628 2686 2751 2771 qui

201 2770 408 2840 etiam
479 2781 704 2841 tecum
775 2786 1038 2863 regnat.
1116 2774 1723 2842 verumenimvero
1784 2773 1934 2854 abi,
2004 2773 2317 2842 munitus
2378 2778 2748 2860 Martyrum

201 2859 571 2942 sacrifici0,
642 2860 824 2948 quod
890 2866 1066 2932 Deus
1128 2874 1230 2931 est
1277 2862 1640 2943 odoratuS,
1704 2873 1770 2931 et
1830 2861 2154 2953 precibus
2209 2861 2559 2930 Pontificis
2607 2859 2752 2930 Ale·

198 2947 554 3031 xandriae,
593 2963 659 3019 et
690 2949 1018 3040 lacrymis
1064 2951 1340 3020 tustini.
1379 2973 1416 3017 »

290 3040 329 3125 ξ
372 3043 534 3109 zo.
588 3043 769 3108 Haec
819 3062 976 3109 cum
1031 3039 1365 3109 audiisset
1397 3038 1757 3119 Elesbaan,
1789 3051 1854 3107 et
1882 3060 2040 3108 eum
2079 3059 2214 3107 non
2253 3048 2581 3108 tentasset
2602 3059 2750 3106 am—

199 3124 417 3216 plius,
472 3127 949 3198 benedictione
988 3132 1291 3218 accepta,
1348 3127 1518 3198 abiit
1552 3126 1796 3196 laetus.
1851 3131 1928 3196 Et
1973 3149 2133 3197 cum
2179 3126 2507 3215 jussisset
2563 3148 2751 3196 exer·

199 3214 410 3295 citui,
466 3215 867 3286 ne·ferrent
924 3217 1246 3286 viaticum
1303 3216 1670 3306 plusquam
1749 3215 1993 3307 viginti
2051 3216 2319 3285 dierum
2374 3215 2744 3306 navigavit.

199 3303 331 3372 Sed
385 3324 609 3390 neque
660 3303 1018 3395 negligens
1067 3304 1197 3373 fuit
1238 3310 1374 3375 Rex
1421 3304 1959 3374 Homeritarum.
2002 3309 2166 3375 Nam
2201 3305 2348 3396 ipse
2380 3325 2656 3392 quoque
2684 3318 2750 3374 et

199 3392 374 3471 suiS,
428 3403 494 3459 et
540 3393 1002 3463 auxiliaribus
1049 3393 1352 3462 collectis
1401 3393 1644 3482 copiiS‚
1702 3394 2125 3482 praesidium
2163 3393 2431 3464 tenebat
2465 3394 2532 3462 in
2573 3406 2747 3463 terra

196 3492 263 3548 et
313 3479 382 3547 in
438 3481 637 3549 mari.
693 3486 940 3551 Verum
977 3503 1136 3551 eum
1174 3481 1290 3550 ille
1328 3482 1731 3563 exercitum,
1770 3483 1885 3570 qui
1923 3484 2167 3553 eratin
2213 3495 2415 3566 terra,
2452 3482 2540 3551 ab
2579 3482 2750 3551 affli-

197 3568 426 3638 ctione
463 3581 529 3638 et
579 3568 919 3639 malorum
973 3570 1414 3661 perpessione
1462 3570 1685 3640 audiit
1748 3572 2056 3661 periisse,
2126 3594 2259 3642 non
2310 3571 2616 3661 amplius
2664 3573 2750 3640 ti-

198 3679 397 3727 mens
454 3657 717 3728 hostem
770 3681 810 3728 a
857 3659 1282 3737 continenti,
1336 3660 1407 3728 in
1459 3659 1600 3729 sola
1656 3662 1869 3730 maris
1935 3660 2337 3731 versabatur
2403 3659 2742 3729 custodia.

196 3751 436 3834 Itaque
484 3746 933 3817 considerans
1003 3748 1578 3839 angustissimum
1644 3771 1794 3820 esse
1840 3750 2089 3818 fretum
2125 3804 2139 3830 ,
2191 3749 2372 3837 quod
2423 3761 2525 3818 est
2572 3749 2749 3817 inter

194 3836 561 3927 Aethiopes
608 3847 673 3905 et
720 3836 1130 3917 HomeritaS,
1175 3859 1396 3925 neque
1425 3859 1759 3927 superare
1793 3838 2227 3908 latitudinem
2265 3838 2563 3907 duorum
2608 3849 2747 3907 sta-

196 3925 469 3995 diorum
508 3979 523 4005 ,
576 3936 641 3993 et
688 3925 949 4011 alioqui
1000 3925 1252 3995 habere
1312 3927 1516 3997 etiam
1571 3948 1756 4007 saxa,
1817 3927 2054 3997 multis
2103 3926 2172 3995 in
2216 3925 2386 3996 locis
2435 3925 2739 4006 latentia,

196 4032 357 4081 eum
409 4035 684 4105 gravem
722 4014 1010 4084 ferream
1063 4015 1559 4087 construxisset
1606 4028 1944 4097 catenam,
1997 4029 2063 4085 et
2099 4036 2278 4102 quae
2314 4027 2538 4104 posset
2569 4013 2748 4084 ferre

199 4101 332 4198 vim
384 4116 743 4173 ventorum
780 4116 846 4173 et
892 4103 1286 4183 undarum,
1342 4118 1406 4174 et
1452 4126 1603 4173 eam
1667 4105 1997 4191 utrinque
2047 4106 2113 4172 in
2168 4116 2343 4173 terra
2394 4103 2747 4193 alligasset

202 4209 345 4276 ipse
381 4197 694 4272 Dunaan,
753 4204 828 4262 ut
865 4192 1324 4273 existimabat,
1379 4192 1711 4263 Elesbaan
1771 4193 2181 4283 prohibebat
2248 4192 2566 4274 aditum,
2621 4193 2739 4263 ubi

199 4277 476 4362 quidem
529 4294 724 4351 erant
758 4281 1043 4352 latentes
1096 4293 1347 4371 petrae,
1404 4282 1772 4372 plumbum
1815 4282 2096 4352 circulis
2160 4294 2438 4351 catenae
2485 4303 2743 4372 appen-

199 4364 394 4445 dens,
447 4381 513 4439 et
558 4369 815 4440 ferrum
868 4369 1131 4440 faciens
1181 4371 1629 4458 requiescere,
1678 4372 1793 4440 ubi
1829 4384 2056 4441 autem
2108 4385 2253 4439 erat
2287 4370 2738 4461 profundum,

199 4454 539 4546 colligans
586 4482 746 4528 eum
802 4460 1011 4550 lignis
1070 4459 1485 4541 levissimis,
1537 4475 1602 4529 et
1671 4460 2040 4531 sublevans
2093 4473 2432 4530 catenam.
2491 4462 2744 4528 Deinde
