3347 4999
678 313 808 378 690
1212 330 1292 376 na
1344 329 1401 376 s.
1452 329 1703 376 Auerna
1751 329 1941 377 naar.
1996 330 2071 376 m·
2117 327 2317 378 socns
2364 328 2516 377 Esus
2828 311 3002 377 OCT.
3057 313 3142 378 24

586 415 935 485 sedentem
978 414 1046 483 in
1097 414 1385 493 excelso,
1423 426 1488 483 et
1523 413 1609 482 ad
1661 412 1890 501 ipsum
1942 414 2266 494 accurrit,
2303 412 2542 483 oculos
2585 412 2849 482 habens
2900 413 3140 504 plenos

587 503 937 594 lacrymis.
988 502 1244 571 Deinde
1299 523 1373 571 se
1420 500 1753 593 provolvit
1798 499 1882 569 ad
1936 501 2127 572 illius
2224 502 2386 572 edes
2436 522 2559 591 pro
2609 513 2828 571 matre.
2886 524 3141 592 rogans

587 606 667 663 ut
697 604 980 682 poterat.
1018 590 1142 662 Ille
1186 602 1412 660 autem
1447 612 1527 661 eo
1565 602 1867 680 accept0‚
1904 602 1970 660 et
2016 524 2311 681 genibus
2358 590 2681 680 imposito
2726 591 2903 692 (erat
2955 591 3137 660 enim
3239 655 3244 660 .

588 702 764 771 puer
794 681 1010 750 scitus
1047 693 1110 750 et
1168 679 1471 770 elegans,
1507 693 1572 750 et
1602 679 1747 767 qui,
1787 693 1863 748 ut
1913 702 2084 770 puer
2130 679 2431 749 suaviter
2484 679 2978 837 balbutiebat?,
3033 701 3144 750 ro-

591 769 798 860 gabat
842 792 1000 838 cum
1050 789 1189 856 quo
1224 768 1460 839 mallet
1505 767 1789 848 versari,
1832 782 1897 837 et
1934 789 2138 856 quem
2188 768 2410 858 magis
2457 768 2798 858 diligeret.
2851 767 2905 837 Il
2938 791 2976 837 e
3023 791 3145 838 au-

590 872 723 929 tem
776 870 1089 937 matrem,
1148 857 1442 939 dicebat,
1498 870 1824 926 matrem:
1877 871 1943 927 et
1988 879 2137 927 eam
2191 857 2486 926 deflebat
2536 856 2841 927 assidue.
2897 880 2935 924 «
2981 863 3142 928 Pro-

591 960 744 1037 pter
780 968 929 1015 eam
990 947 1202 1027 enim,
1263 947 1513 1034 inquit,
1566 945 1745 1024 veni,
1802 959 1866 1014 et
1924 968 2112 1038 rogo,
2150 967 2191 1015 o
2243 951 2402 1026 Rex,
2457 967 2607 1016 eam
2654 946 2850 1025 solvi,
2903 959 2983 1015 ut
3033 968 3142 1015 me

592 1057 867 1123 quoque
916 1034 1125 1105 simul
1181 1048 1492 1105 assumat
1560 1035 1646 1105 ad
1707 1035 2137 1125 martyrium.
2198 1034 2326 1104 Illa
2389 1035 2574 1105 enim
2639 1056 2749 1105 me
2807 1057 3011 1125 saepe
3057 1035 3136 1104 ad

594 1125 724 1195 hoc
774 1124 1040 1193 hortata
1070 1135 1196 1194 est.
1239 1147 1275 1191 »

681 1216 914 1301 §28-
965 1212 1332 1282 Attendens
1380 1224 1607 1282 autem
1661 1219 1798 1284 Rex
1847 1213 2054 1282 verba
2107 1212 2345 1302 pueri:
2399 1234 2436 1278 «
2498 1212 2677 1294 Quid
2737 1224 2842 1282 est
2902 1226 3128 1281 autem

592 1302 722 1371 hoc
753 1357 769 1382 ,
845 1302 1108 1389 inquit,
1161 1300 1345 1389 quod
1395 1301 1571 1370 dicis
1629 1302 2084 1392 martyrium?
2131 1306 2207 1383 Ο,
2244 1301 2649 1388 quaeetiam
2688 1300 2983 1369 infantes
3028 1321 3129 1369 sa·

591 1391 857 1481 pientes
890 1390 1137 1471 reddit,
1176 1403 1390 1471 tuam,
1435 1391 1740 1474 Domine,
1780 1391 2119 1509 gratiam?
2163 1413 2199 1457 »
2224 1413 2372 1456 —«
2410 1395 2537 1459 Pro
2562 1389 2851 1470 Christo,
2883 1390 3130 1476 inquit,

595 1480 797 1559 mori,
846 1490 911 1548 et
944 1501 1192 1549 rursus
1239 1478 1484 1549 vivere.
1523 1502 1561 1547 »
1589 1519 1680 1530 —
1710 1505 1745 1548 «
1781 1480 1906 1551 bed
1939 1479 2098 1567 quis
2129 1492 2231 1548 est
2280 1478 2390 1549 hic
2441 1478 2799 1572 Christus?
2826 1502 2862 1546 »
2895 1501 3142 1547 rursus

592 1568 761 1638 dicit
794 1574 955 1638 Rex.
1010 1574 1186 1638 Puer
1231 1583 1501 1638 autem:
1538 1591 1574 1635 «
1612 1569 1773 1638 Veni
1808 1570 1968 1650 huc,
2017 1568 2263 1655 inquit,
2303 1566 2389 1636 ad
2441 1567 2842 1645 Ecclesiam,
2880 1580 3137 1636 etcum

588 1658 715 1727 tibi
765 1657 1145 1728 ostendam.
1198 1680 1235 1724 »
1285 1657 1564 1726 Interim
1622 1670 1850 1728 autem
1903 1679 2061 1727 cum
2131 1669 2417 1725 matrem
2476 1655 2925 1746 adspexisset,
2965 1656 3143 1724 flens

589 1747 801 1816 dixit:
845 1770 880 1813 «
914 1749 1095 1827 Sine,
1127 1746 1276 1816 sine
1308 1768 1416 1816 me
1445 1746 1673 1816 venire
1703 1745 1787 1816 ad
1829 1759 2143 1815 matrem.
2178 1744 2388 1814 Video
2420 1745 2604 1814 enim
2641 1767 2789 1814 eam
2831 1743 3037 1824 trahi,
3073 1758 3143 1812 et

589 1835 769 1905 male
796 1834 973 1904 affici
1024 1857 1064 1903 a
1099 1834 1481 1905 lictoribus.
1523 1856 1559 1901 »
1592 1840 1730 1904 Rex
1778 1846 2043 1904 autem:
2098 1856 2134 1900 «
2186 1838 2321 1903 Cur
2380 1834 2540 1914 huc,
2604 1834 2797 1913 dixit,
2863 1833 3137 1914 venisti,

590 1937 804 1994 matre
861 1923 1138 1993 relicta?
1188 1923 1313 1993 Sed
1374 1924 1470 1993 sis
1520 1923 1630 1992 hic
1682 1924 2075 2002 nobiscum,
2110 1934 2177 1992 et
2208 1922 2387 1992 dabo
2436 1922 2562 1992 tibi
2608 1922 2954 2010 quoslibet
2990 1920 3142 1991 fru-

587 2025 741 2083 ctus
791 2012 1322 2103 pulcherrimos.
1364 2035 1400 2079 »
1450 2016 1592 2081 Hoc
1627 2012 1742 2082 ille
1781 2011 2060 2099 quidem
2113 2011 2307 2090 dixit,
2363 2024 2711 2098 tamquam
2753 2032 2912 2079 cum
2966 2010 3143 2079 sim-

590 2101 755 2191 plici
808 2121 1042 2191 puero‚
1079 2114 1282 2189 atque
1316 2100 1485 2170 adeo
1535 2122 1749 2193 puero
1798 2123 1870 2171 se
1901 2100 2089 2188 loqui
2124 2100 2550 2170 existimans.
2589 2099 2712 2170 Ille
2747 2121 2902 2170 vero
2935 2099 3144 2190 longe

590 2212 803 2279 supra
833 2202 1120 2258 aetatem
1159 2189 1526 2280 prudentia
1564 2189 1940 2279 praeditus,
1983 2189 2186 2279 plane
2213 2188 2567 2270 renuebat,
2625 2189 2888 2259 dicens:
2928 2210 2965 2254 <t
2990 2192 3139 2258 Non

593 2277 705 2347 hic
770 2278 1098 2348 manebo:
1155 2291 1439 2348 matrem
1476 2277 1813 2348 desidero.
1855 2283 2020 2348 Nam
2072 2278 2447 2347 arbitratus
2496 2291 2558 2348 te
2604 2300 2754 2348 esse
2802 2277 3140 2347 Christia-

592 2388 787 2446 num,
851 2367 1001 2436 veni
1066 2388 1185 2455 pro
1234 2388 1311 2435 ea
1363 2379 1753 2456 rogaturus.
1804 2372 1968 2437 Cum
2030 2367 2372 2436 Judaeum
2425 2379 2653 2436 autem
2716 2366 3132 2446 invenerim,

591 2467 816 2525 tecum
852 2476 977 2525 nec
1010 2454 1161 2525 volo
1207 2454 1486 2543 quidem
1539 2456 1819 2535 versari,
1874 2477 2095 2543 neque
2135 2456 2441 2527 sustineo
2498 2478 2537 2526 a
2587 2468 2648 2525 te
2679 2455 2967 2526 omnino
3008 2455 3138 2526 ali·

589 2544 756 2632 quid
818 2544 1174 2634 accipere:
1243 2545 1372 2614 hoc
1421 2557 1651 2614 autem
1703 2545 1927 2615 solum
1990 2545 2160 2615 mihi
2209 2544 2544 2625 concede,
2597 2567 2638 2613 o
2697 2550 2860 2625 Rex,
2913 2557 2991 2613 ut
3047 2545 3134 2615 ad

592 2646 878 2702 matrem
918 2647 1234 2703 revertar.
1277 2655 1313 2700 »
1346 2638 1594 2723 Regem
1633 2646 1912 2723 stupore
1945 2634 2171 2704 affecit
2204 2634 2397 2725 pueri
2433 2633 2794 2723 sapientia.
2831 2634 3130 2716 Quidam

592 2735 712 2792 aut
758 2744 837 2790 ex
888 2721 973 2791 iis
1020 2723 1142 2809 qui
1199 2722 1826 2803 circumsistebant,
1883 2723 2347 2814 excogitantes
2401 2721 2665 2810 aliquid
2715 2721 3132 2812 sapientiuS,

589 2810 982 2892 censebant,
1036 2824 1112 2881 ut
1160 2810 1390 2880 infans
1436 2811 1896 2882 abduceretur
1926 2811 2009 2881 ad
2047 2813 2405 2903 Reginam,
2450 2813 2550 2881 sic
2600 2823 2903 2881 teneram
2947 2823 3135 2881 aeta-

590 2912 722 2969 tem
788 2912 1116 2970 conantes
1163 2900 1460 2970 allicere.
1515 2905 1680 2971 Nam
1747 2922 1908 2970 cum
1975 2905 2156 3002 Rege
2203 2899 2484 2987 quidem
2548 2899 3129 2970 consuetudinem

588 2988 1073 3058 existimabant
1110 3009 1259 3058 esse
1295 3011 1507 3078 puero
1556 2988 1903 3059 insolitam
1943 3001 2019 3058 ut
2047 2989 2313 3059 virilem
2346 3001 2412 3058 et
2443 2989 2888 3077 asperiorem:
2941 2989 3130 3076 quod

587 3076 646 3145 si
694 3075 990 3147 audierit
1038 3078 1370 3167 Reginam
1420 3090 1485 3147 et
1520 3077 1906 3158 mulierem,
1965 3090 2282 3169 prompto
2328 3090 2393 3147 et
2440 3076 2655 3147 alacri
2702 3077 2938 3147 animo
2972 3099 3130 3146 eam

587 3178 1013 3247 secuturum,
1067 3178 1142 3235 ut
1197 3166 1317 3253 qui
1365 3166 1596 3236 adhuc
1651 3166 1840 3257 apud
1910 3179 2196 3237 matrem
2261 3165 2513 3236 blande
2559 3166 2999 3247 educaretur,
3065 3179 3134 3235 et

588 3253 884 3323 molliori
934 3254 1390 3325 delectaretur
1448 3256 1974 3326 consuetudine.
2026 3260 2272 3326 Verum
2326 3255 2520 3345 pueri
2584 3277 2829 3325 rursus
2876 3254 3134 3325 intelli-

586 3343 816 3431 gentia
846 3344 1194 3432 superavit
1227 3342 1505 3413 illorum
1557 3344 2028 3414 calliditatem.
2084 3349 2164 3414 Et
2213 3365 2335 3413 nec
2365 3343 2467 3413 eis
2505 3344 2783 3431 quidem
2834 3344 3128 3414 omnino

585 3429 668 3499 ad
722 3432 887 3501 haec
948 3431 1155 3501 dabat
1216 3454 1667 3522 responsum;
1722 3433 1838 3502 sed
1899 3433 2334 3502 vehementer
2387 3433 2612 3502 solum
2665 3433 2953 3503 vocabat
2988 3455 3133 3502 ma-

586 3533 783 3600 trem,
823 3533 890 3590 et
935 3521 1006 3590 in
1040 3543 1192 3591 eam
1226 3542 1385 3591 cum
1437 3522 1671 3591 animo
1708 3536 1880 3591 totos
1917 3521 2261 3624 defigebat
2306 3520 2569 3593 oculos.

656 3610 707 3766 ἃ
760 3613 912 3683 8⁴1.
967 3614 1132 3680 Cum
1182 3631 1331 3679 eam
1385 3623 1612 3681 autem
1667 3610 1949 3680 vidisset
1999 3610 2191 3702 injici
2241 3611 2308 3679 in
2362 3610 2618 3700 ignem,
2651 3609 3132 3681 vehementius

581 3697 648 3765 in
709 3710 1056 3768 ammatus
1107 3699 1508 3779 visceribus,
1553 3699 1762 3769 audet
1808 3700 2036 3770 statim
2090 3721 2263 3791 puer
2288 3699 2552 3786 aliquid
2580 3698 2828 3770 fortius
2868 3711 3129 3770 etcum

580 3785 877 3856 stetisset
924 3786 1006 3855 ad
1106 3810 1284 3857 enua
1336 3789 1611 3877 tyranni
1663 3794 1976 3869 Dunaan‚
2031 3810 2103 3859 se
2152 3788 2522 3870 inclinans,
2591 3789 2845 3858 acriter
2891 3791 3126 3880 ipsum

580 3880 830 3967 Regem
887 3898 1035 3946 mor
1086 3889 1151 3946 et
1201 3876 1267 3945 in
1321 3876 1600 3946 femore.
1646 3877 1772 3947 Ille
1818 3891 2050 3948 autem
2086 3876 2294 3947 simul
2337 3891 2541 3964 atque
2574 3878 2903 3948 sensisset
2939 3898 3124 3947 mor-

578 3984 756 4038 sum.
795 3976 859 4034 et
891 3963 1136 4037 fuisset
1167 3966 1643 4047 conturbatuS,
1682 3989 1843 4037 eum
1876 3980 2156 4057 repente
2188 3966 2444 4055 abjicit,
2475 3978 2542 4036 et
2564 3988 2724 4036 eum
2755 3965 3131 4036 traditcui—

575 4051 733 4121 dam
783 4074 863 4123 ex
912 4058 1188 4137 Senatu,
1225 4066 1302 4124 ut
1341 4056 1430 4125 ab
1488 4054 1609 4124 illo
1639 4056 1940 4126 aleretur
1988 4055 2284 4126 maxime
2313 4055 2619 4137 ludaice,
2658 4068 2725 4125 et
2772 4055 3135 4145 abjuraret

574 4140 1203 4213 Christianismum.
1243 4148 1321 4213 Et
1377 4143 1491 4215 ille
1523 4144 1804 4231 quidem
1861 4144 2118 4228 abibat,
2157 4157 2436 4233 accepto
2483 4166 2722 4235 puero,
2763 4144 3132 4214 admirans

569 4251 651 4298 ea
697 4251 873 4316 quae
919 4231 1097 4302 facta
1138 4232 1450 4315 fuerant,
1493 4245 1559 4302 et
1608 4232 1817 4305 simul
1867 4234 2072 4304 etiam
2127 4255 2418 4303 narrans
2465 4233 2646 4305 aliis.
2682 4233 2967 4304 Interim
3000 4255 3132 4303 au-

570 4329 710 4386 tem
742 4340 935 4418 puer,
967 4342 1044 4391 eo
1075 4321 1430 4403 insciente,
1488 4344 1705 4393 cursu
1750 4322 2105 4393 contendit
2150 4321 2238 4392 ad
2290 4334 2602 4404 matrem,
2660 4334 2727 4392 et
2774 4320 2997 4392 insilit
3046 4322 3124 4391 in

566 4404 872 4478 mediam
923 4407 1295 4493 fornacem,
1350 4414 1844 4500 matremque,
1874 4424 1950 4483 ut
1995 4411 2060 4482 ei
2107 4411 2509 4493 videbatur,
2563 4412 2991 4502 complexuS,
3057 4422 3128 4479 et
