3347 4999
632 333 760 397 566
1203 350 1280 396 na
1328 350 1384 396 s.
1436 348 1736 407 Aomtmo
1783 349 1979 397 muse.
2032 349 2393 398 tunoleum
2757 333 2927 399 OCT.
2984 334 3068 400 19

543 435 844 523 aliquam
897 433 1107 514 tollat,
1159 434 1279 521 qui
1331 433 1505 503 malc
1545 435 1770 516 habet,
1822 448 1886 504 et
1920 457 2083 504 suae
2130 435 2508 506 infirmitati
2542 437 3063 507 accommodum

544 525 704 594 inde
755 525 1129 595 remedium
1182 523 1536 592 adhibeat:
1584 525 1680 592 uti
1741 523 1836 592 vel
1907 524 2054 604 lioc,
2108 524 2208 592 vel
2264 525 2379 594 illo
2443 526 2711 595 virtutis
2757 528 3067 614 exemplo

545 615 1055 694 inflammetur,
1125 613 1443 699 quisquis
1507 613 1592 682 ab
1645 613 1999 699 Aquilonis
2068 612 2314 703 frigida
2386 616 2658 705 regione
2704 616 2787 683 ad
2843 615 3071 684 Sancti

545 704 838 793 Spiritus
885 706 1202 770 Austrum
1256 724 1326 770 se
1387 702 1751 770 transferre
1797 703 2248 790 concupiscit.
2295 704 2468 772 Hinc
2517 704 2686 772 adeo
2738 704 2803 771 in
2862 703 3071 791 hujus

540 794 715 862 vitae
779 805 971 860 nocte
1020 800 1116 860 tot
1165 790 1363 860 nobis
1411 791 1746 880 spiritalia
1794 790 2115 859 oriuntur
2182 791 2440 870 sidera,
2487 806 2650 879 quot
2772 792 3073 862 raeclara

544 886 945 950 Sanctorum
998 893 1184 970 gesta
1226 879 1425 949 nobis
1469 892 1947 970 proponuntur
1994 879 2283 949 diversis
2334 881 2606 950 illorum
2641 903 2716 950 so
2748 882 3070 950 erunibus

541 970 753 1049 seriis,
809 982 944 1038 toto
992 990 1173 1038 anno
1204 983 1589 1057 opportune
1634 969 2000 1047 distinctiS,
2058 982 2130 1038 ut
2179 967 2313 1037 alia
2367 969 2738 1050 recedente,
2798 969 2885 1037 ita
2934 969 3072 1039 alia

541 1059 906 1140 succedat,
960 1056 1540 1144 quemadmodum
1606 1058 1842 1126 stellae
1903 1057 2072 1126 lixae
2133 1073 2196 1126 et
2263 1058 2682 1137 inerranteS,
2735 1059 3068 1128 divinitus

539 1148 849 1218 instituta
897 1145 1162 1215 oriendi
1236 1158 1298 1215 et
1362 1145 1718 1215 occidendi
1794 1146 2313 1228 vicissitudine,
2366 1147 2541 1217 aliae
2609 1146 2782 1217 alias
2828 1169 3070 1216 conse-

540 1251 873 1324 quuntur.
919 1237 1239 1324 Legimus
1286 1234 1680 1305 columnam
1737 1235 1913 1324 ignis
1961 1248 2024 1304 et
2095 1235 2299 1303 nubis
2358 1236 2803 1305 antecessisse
2837 1290 2852 1314 ,
2906 1257 3067 1304 cuin

540 1326 838 1416 populus
887 1324 1302 1393 Israeliticus
1354 1346 1538 1393 mare
1574 1326 2010 1403 transiturus,
2036 1326 2123 1392 ab
2154 1329 2447 1414 Aegypto
2492 1324 3057 1413 proficisceretur,

538 1429 602 1484 et
654 1415 951 1503 primum
1006 1413 1212 1500 phase
1262 1412 1438 1481 felici
1505 1414 1700 1482 initio
1749 1414 2135 1482 dedicaret:
2203 1413 2379 1499 qnod
2434 1412 2712 1500 quidem
2767 1414 2821 1482 si
2886 1414 3066 1480 recta

537 1504 895 1573 nobiscum
934 1502 1037 1570 via
1081 1514 1497 1591 reputemus,
1545 1502 1755 1570 etiam
1811 1524 1995 1570 nunc
2058 1502 2200 1570 fleri
2255 1501 2590 1571 videmus,
2652 1501 2823 1584 Quid
2877 1501 3060 1570 enim

537 1591 724 1661 aliud
774 1603 897 1669 est,
953 1590 1153 1659 modo
1214 1603 1605 1659 sanctorum
1669 1596 2066 1679 Martyrum,
2125 1590 2325 1659 modo
2376 1591 2727 1660 beatorum
2793 1589 3064 1658 Confes—

539 1703 768 1751 sorum
824 1679 933 1769 pia
964 1678 1306 1749 celebrare
1356 1678 1685 1760 natalitia,
1742 1680 1874 1747 nisi
1923 1679 2116 1766 sequi
2166 1679 2563 1748 columnam
2606 1679 2784 1769 ignis
2830 1695 2895 1747 et
2936 1701 3065 1748 nu-

533 1769 664 1849 bis,
720 1768 802 1837 ad
848 1767 1446 1837 transmittendum
1500 1769 1710 1858 hujus
1758 1766 1970 1837 seculi
2025 1768 2329 1857 pelagus,
2388 1781 2738 1855 tamquam
2776 1767 3071 1836 alterum

536 1857 882 1946 quoddam
922 1858 1209 1926 rubrum
1257 1878 1482 1937 mare;
1531 1871 1603 1925 ut
1636 1870 1701 1925 et
1747 1858 1832 1926 ab
1869 1856 2007 1926 illis
2040 1856 2524 1938 accendamur,
2579 1879 2871 1943 quorum
2910 1877 3073 1924 san-

537 1948 745 2038 guine
787 1948 911 2014 iter
963 1960 1269 2015 nostrum
1307 1946 1587 2014 rutilare
1640 1946 1973 2027 videmus;
2026 1946 2205 2014 etab
2256 1945 2402 2017 istis
2444 1946 2835 2036 irrigemur,
2890 1966 3072 2031 quo·

539 2057 689 2105 rum
743 2034 1073 2105 doctrinis
1117 2034 1323 2123 hujus
1376 2035 1615 2103 mundi
1672 2048 1936 2103 aestum
2006 2034 2200 2103 nobis
2253 2047 2628 2123 temperare
2679 2033 3072 2102 debemus?

536 2129 614 2194 Et
648 2145 730 2192 ne
768 2146 888 2193 nos
936 2134 1423 2192 consecuturos
1471 2123 1940 2213 desperemus,
1983 2123 2161 2210 quod
2205 2122 2356 2191 illos
2391 2124 2534 2212 jam
2571 2122 2854 2211 adeptos
2907 2121 3072 2211 legi-

535 2234 714 2292 mus,
772 2234 902 2282 non
955 2211 1174 2280 solum
1232 2211 1615 2300 triumphos
1668 2212 2010 2300 virginum
2062 2212 2411 2293 audimus,
2479 2211 2593 2281 sed
2645 2212 2847 2280 etiam
2908 2232 3065 2297 pro-

536 2315 822 2370 muntur
870 2299 1065 2368 nobis
1127 2299 1487 2368 viduarum
1524 2314 1588 2369 et
1635 2302 2158 2390 conjugatorum
2230 2300 2536 2388 palmae:
2609 2322 2831 2387 neque
2867 2300 2932 2368 id
2985 2321 3067 2368 ex

535 2388 841 2474 antiquis
888 2389 1241 2457 dumtaxat
1296 2388 1412 2457 sed
1457 2389 1660 2457 etiam
1714 2390 2058 2458 modernis
2110 2389 2555 2475 temporibus,
2614 2389 2709 2457 uti
2765 2411 2846 2458 ne
2916 2388 3063 2459 ullo

533 2489 802 2567 torpore
834 2476 1128 2567 deprimi
1170 2498 1288 2545 nos
1324 2477 1659 2555 sinamus,
1714 2478 1830 2565 qui
1869 2490 1958 2548 tot
1996 2477 2314 2546 remediis
2361 2478 2699 2569 erigimur
2721 2477 2777 2546 ⁴².

623 2570 659 2653 ἓ
719 2572 807 2638 2.
869 2572 960 2636 En
1017 2567 1454 2635 beatissimus
1502 2566 1852 2637 consessor
1904 2567 2220 2647 Domini,
2277 2579 2339 2636 et
2389 2568 2819 2637 Ebroicensis
2876 2566 3071 2635 urbis

532 2656 912 2745 Episcopus
960 2653 1347 2742 Aqui-linus,
1405 2656 1600 2724 nobis
1635 2656 2014 2725 imitandus
2059 2656 2441 2735 exhibetur,
2477 2656 2594 2743 qui
2631 2656 2715 2724 de
2753 2655 3069 2744 conjugii

534 2747 955 2814 extremitate
1005 2743 1363 2823 sublatuS,
1427 2757 1491 2812 et
1539 2744 1620 2812 ad
1679 2743 2066 2834 pontificiae
2134 2744 2564 2816 celsitudinis
2612 2744 2905 2834 gradum
2958 2768 3071 2814 su-

533 2833 888 2915 blimatuS,
947 2833 1249 2923 primum
1299 2854 1379 2901 ex
1429 2837 1727 2922 Aegypto
1774 2833 2073 2903 carnalis
2121 2833 2409 2922 copulae
2459 2834 2525 2902 in
2576 2832 2918 2903 desertum
2975 2832 3069 2900 vi-

534 2922 764 2992 dualis
805 2922 1172 3010 pudicitiae
1211 2976 1225 3001 ,
1278 2944 1357 2990 ac
1405 2921 1653 2990 deinde
1706 2944 1822 3011 per
1867 2921 2228 2991 tor-danem
2283 2920 2704 3011 Episcopalis
2752 2921 3015 3011 gratiae
3045 2976 3061 3001 ,

541 3010 610 3079 in
656 3025 968 3079 aeternae
1017 3009 1497 3100 promissionis
1546 3025 1792 3079 terram
1844 3011 2198 3100 ingressus
2245 3025 2367 3080 est.
2423 3013 2540 3080 Cui
2583 3012 2810 3100 ipsum
2863 3032 3071 3080 suum

534 3100 947 3170 vocabulum
997 3099 1342 3185 quoddam
1398 3099 1664 3168 videtur
1714 3101 2068 3188 perbibere
2104 3099 2595 3180 testimonium,
2634 3099 2814 3186 quod
2854 3099 3070 3166 solem

530 3188 842 3277 justitiae
897 3189 1178 3257 immota
1229 3187 1442 3256 animi
1492 3189 1637 3258 acie
1686 3188 2188 3277 contemplatus
2220 3242 2239 3268 ,
2296 3189 2447 3278 ejus
2503 3210 2734 3258 amore
2809 3209 3069 3277 pennas

535 3277 845 3356 mutarit,
898 3291 961 3346 et
1011 3276 1227 3345 instar
1273 3275 1543 3363 aquilae
1587 3278 2029 3355 instauratus,
2077 3279 2441 3346 novitatem
2484 3278 2657 3346 vitae
2701 3277 2770 3346 iu
2821 3277 3069 3346 sancti·

533 3379 667 3434 tate
717 3379 782 3434 et
815 3364 1082 3453 justitia
1118 3378 1182 3434 et
1229 3366 1504 3434 veritate
1553 3367 1954 3453 susceperit.
2001 3372 2166 3435 Nam
2229 3366 2428 3453 quasi
2479 3367 2711 3437 carnis
2765 3364 3061 3453 quadam

534 3466 864 3522 vetustate
906 3454 1237 3522 incurvus
1287 3454 1600 3524 incedere
1651 3455 2059 3538 videbatur,
2113 3477 2271 3523 cum
2322 3455 2549 3524 adhuc
2595 3455 2859 3525 carnali
2904 3473 3064 3520 con-

524 3542 724 3634 jugio
765 3541 1038 3610 deditus
1085 3555 1284 3611 esset.
1330 3544 1454 3612 Sed
1512 3565 1772 3633 pennas
1807 3545 1873 3613 in
1913 3544 2266 3631 superiora
2301 3565 2372 3613 se
2407 3543 2878 3614 transferendo
2914 3563 3066 3610 mu-

535 3633 717 3710 tavit,
769 3628 1048 3719 quando
1097 3652 1399 3699 amorem
1452 3633 1796 3723 conjugis,
1851 3632 2271 3704 aeternitatis
2323 3633 2731 3721 permutavit
2779 3652 3063 3711 amore;

531 3734 599 3791 et
640 3721 802 3792 filiis
839 3718 1069 3787 carnis
1114 3719 1293 3789 filios
1341 3721 1735 3810 spirituales
1773 3735 2220 3811 anteponenS,
2273 3743 2351 3791 ex
2398 3743 2471 3791 se
2530 3721 2797 3803 defecit,
2870 3734 2949 3790 ut
2999 3720 3068 3788 in

533 3815 667 3879 Deo
721 3809 1108 3896 proficeret.

622 3902 789 3987 §a
846 3897 999 3967 Fuit
1041 3894 1156 3965 ille
1205 3897 1556 3987 Bajocensi
1594 3897 1663 3933 *⁴*
1710 3897 1980 3968 civitate
2034 3912 2248 3981 ortuS,
2306 3911 2667 3988 parentum
2720 3897 3079 3967 nobilitate

533 3987 796 4068 clarus,
867 3987 981 4057 sed
1040 4008 1308 4055 morum
1362 3986 1694 4078 dignitate
1744 3987 2100 4069 illustrior,
2168 3989 2449 4075 antiqua
2509 3988 2805 4078 insignia
2878 3987 3076 4057 novis

533 4076 860 4146 virtutum
914 4075 1340 4145 ornamentis
1372 4080 1779 4147 obscurans.
1818 4080 2123 4164 Cumque
2173 4079 2388 4146 sacris
2417 4077 2657 4145 litteris
2686 4075 3070 4156 institutus,

532 4176 599 4233 et
647 4185 919 4234 summo
966 4164 1196 4233 studio
1236 4165 1576 4233 enutritus
1625 4181 1824 4244 esset,
1884 4166 2324 4254 pluviamque
2371 4187 2494 4235 suo
2526 4180 2825 4254 tempore
2849 4165 3075 4233 ess'un—

535 4251 829 4323 dendam
865 4274 989 4323 ceu
1027 4253 1246 4322 nubes
1298 4253 1634 4324 matutina
1667 4255 2077 4346 collegisset,
2121 4255 2541 4326 transmissis
2574 4253 3079 4325 adolescentiae

582 4415 606 4437 θ
635 4413 756 4453 Haec
778 4423 887 4453 nane
906 4415 1144 4464 praeclare
1166 4416 1416 4456 admodum
1437 4417 1485 4456 et
1511 4418 1715 4468 cogitat·
1735 4419 1781 4458 ct
1801 4418 1978 4469 scripta
2000 4419 2125 4460 sunt.

582 4468 632 4494 ·*
664 4467 855 4514 Gallice.
875 4470 1067 4519 Bayeus,
1088 4469 1201 4509 urb·
1223 4467 1514 4520 episcopalia.
