3347 4999
212 331 381 397 OCT.
437 331 517 395 ‚13
868 385 874 391 .
1108 349 1185 395 ΒΕ
1234 350 1289 395 s.
1342 348 1630 394 nummio
1682 346 1839 394 REGE
2521 332 2635 396 37⁴

209 433 468 502 honore
501 433 936 522 dignissimo,
969 432 1250 522 speciali
1281 453 1554 518 quoque
1580 431 1724 500 filio
1758 442 1988 501 nostro
2020 430 2338 501 Eduardo
2361 432 2738 524 Anglorum

207 521 379 611 regi,
436 522 892 592 visitationem
944 520 1439 600 omnimodam,
1498 519 1786 589 salutem
1839 518 2271 601 mellifluam,
2340 534 2405 590 et
2462 522 2740 591 benedi-

207 612 501 680 ctionem
543 609 1021 700 Apostolicam.
1069 609 1534 698 Omnipotenti
1584 613 1716 677 Deo
1765 606 2127 676 referimus
2175 621 2423 698 grateS,
2467 612 2587 697 qui
2626 633 2741 680 ve-

177 714 420 775 stram
476 698 1085 787 prudentissimam
1135 698 1602 768 excellentiam
1655 698 1725 765 in
1774 696 2103 765 omnibus
2135 698 2402 766 ornavit
2432 712 2497 767 et
2543 700 2742 770 deco-

207 788 404 869 ravit,
442 809 517 856 er
566 810 605 856 a
645 789 919 857 beatum
972 792 1239 855 Petrum
1290 785 1763 875 Apostolorum
1810 785 2219 875 principem,
2272 798 2337 854 et
2376 787 2736 857 nobiscum

207 877 464 946 habere
549 876 960 957 flectionem,
994 889 1060 944 et
1091 877 1158 943 in
1196 875 1523 944 omnibus
1546 874 1949 964 Apostolicis
1979 875 2365 943 consentire
2398 876 2736 945 censuris.

209 966 492 1034 Litteras
540 965 752 1053 igitur
805 976 1064 1034 vestrae
1115 963 1453 1033 nobilitati
1495 963 2028 1033 transmittimus
2061 1017 2076 1043 ,
2128 975 2192 1031 et
2243 984 2362 1052 per
2405 985 2523 1032 eas
2584 986 2739 1032 san·

210 1066 475 1123 ctorum
513 1053 987 1142 Apostolorum
1023 1053 1411 1122 societatem
1452 1065 1517 1121 et
1567 1064 1865 1122 nostram
1918 1051 2109 1121 vobis
2141 1051 2412 1133 damus,
2466 1065 2742 1122 orantes

213 1141 753 1212 misericordiam
817 1141 1051 1226 illius,
1104 1144 1224 1228 qui
1273 1153 1374 1210 est
1433 1142 1765 1210 Dominus
1830 1139 2169 1219 omnium,
2222 1152 2288 1209 et
2349 1163 2463 1210 rex
2531 1164 2742 1231 super

213 1231 446 1300 omnia
496 1230 728 1312 soluS,
776 1243 851 1299 ut
896 1231 916 1298 i
974 1251 1044 1300 se
1102 1252 1221 1299 vos
1271 1229 1671 1319 participem
1723 1228 1927 1298 faciat
1971 1250 2050 1296 ex
2105 1228 2453 1312 omnibuS,
2508 1231 2565 1299 si
2604 1252 2745 1317 qua

212 1332 376 1389 sunt
430 1340 657 1389 coram
711 1323 865 1399 Deo,
968 1319 1120 1388 onis
1151 1318 1478 1406 operibus
1518 1317 1792 1398 nostris,
1845 1329 1910 1386 et
1939 1316 2181 1386 fratres
2215 1339 2362 1398 nos,
2410 1340 2488 1387 ac
2523 1320 2744 1389 socios

210 1409 281 1477 in
346 1430 471 1477 sua
520 1407 883 1477 dilectione
929 1408 1299 1476 constituat
1347 1407 1415 1474 in
1465 1407 1653 1476 omni
1706 1419 2007 1495 tempore
2063 1405 2411 1495 ampliuS,
2468 1430 2546 1477 ac
2603 1429 2742 1477 non

212 1497 550 1566 minorem
597 1507 853 1585 partem
896 1496 1207 1582 obsequii
1248 1496 1461 1564 nostri
1511 1496 1705 1569 vobis
1736 1494 1804 1562 in
1856 1516 1982 1563 suo
2030 1516 2240 1584 regno
2283 1496 2737 1586 reconsignet,

209 1607 419 1672 quam
471 1585 834 1654 nobismeti
890 1585 985 1653 sis
1034 1585 1393 1674 provenire
1440 1598 1782 1672 optamus.
1837 1583 2109 1651 Erimus
2156 1583 2361 1652 etiam
2411 1585 2738 1674 deinceps

216 1696 344 1763 pro
382 1673 573 1744 vobis
621 1674 769 1743 sine
867 1673 1029 1742 ubio
1068 1685 1340 1742 orantes
1388 1668 1688 1752 assidue,
1729 1683 1806 1740 ut
1854 1672 1999 1761 ipse
2048 1676 2224 1741 Deus
2272 1673 2592 1762 subjiciat
2623 1674 2747 1743 ho-

210 1774 348 1832 stes
395 1775 459 1831 et
507 1761 850 1841 inimicos,
895 1762 1015 1848 qui
1054 1773 1292 1831 contra
1338 1783 1451 1832 vos
1485 1760 1824 1829 voluerint
1855 1760 2253 1848 insurgere;
2291 1773 2356 1829 et
2385 1762 2745 1832 confirmet

213 1873 330 1920 vos
376 1850 447 1918 in
486 1861 767 1939 paterno
807 1850 976 1920 solio
1021 1863 1085 1919 et
1130 1849 1410 1951 propria
1459 1849 1896 1927 haereditate,
1941 1871 2018 1916 ac
2076 1850 2313 1918 beatus
2369 1855 2606 1920 Petrus
2654 1852 2742 1920 sit

211 1939 407 2009 vobis
453 1951 685 2008 custos
716 1951 782 2008 et
820 1938 1092 2027 adjutor
1123 1961 1194 2007 tn
1229 1939 1418 2007 omni
1469 1937 1931 2007 tribulatione.
1971 1942 2407 2007 Renovamus
2444 1961 2627 2029 ergo,
2677 1952 2743 2009 et

210 2029 733 2107 confirmamuS,
778 2050 857 2097 ac
890 2050 1227 2118 augemus
1261 2028 1453 2096 vobis
1482 2026 1836 2116 privilegia
1869 2038 2112 2105 vestra,
2151 2025 2411 2095 scilicet
2440 2041 2515 2096 ut
2545 2027 2746 2097 abso-

212 2117 404 2185 lutus
437 2117 586 2186 sitis
620 2116 705 2184 ab
738 2115 855 2185 illo
889 2130 1041 2185 voto
1073 2115 1252 2202 quod
1290 2115 1656 2192 timebatis,
1698 2129 1763 2183 et
1792 2116 1880 2183 ab
1912 2114 2421 2184 omnibusaliis
2450 2117 2745 2204 peccatis

212 2218 279 2274 et
329 2204 811 2290 iniquitatibus
850 2206 1090 2274 vestris
1124 2204 1526 2274 auctoritate
1572 2203 1788 2285 iltius,
1822 2203 1943 2290 qui
1977 2225 2105 2283 me,
2152 2203 2308 2273 licet
2344 2204 2737 2295 indignum,

218 2315 387 2363 suae
422 2304 696 2367 sanctae
728 2316 1039 2382 praeesse
1069 2293 1281 2362 voluit
1314 2292 1675 2361 Ecclesiae.
2823 2376 2826 2379 ,

308 2389 345 2462 ἓ
381 2387 530 2454 16.
566 2404 600 2447 «
630 2386 980 2451 Praeterea
1020 2381 1120 2450 illi
1149 2381 1320 2461 loco,
1352 2402 1554 2467 quem
1593 2381 1726 2450 sub
1767 2380 2046 2448 nomine
2079 2393 2356 2449 sanctae
2392 2382 2744 2470 poeniten-

215 2470 352 2542 tiae
398 2470 938 2540 construendum
981 2482 1044 2540 et
1085 2469 1583 2539 meliorandum
1637 2469 2062 2559 suscepistis,
2115 2470 2469 2556 quoniam,
2505 2485 2580 2541 ut
2621 2470 2745 2541 fer·

214 2573 353 2641 tur,
424 2561 720 2649 primam
774 2560 1156 2646 antiquitus
1208 2560 1788 2628 consecrationem
1841 2580 1880 2626 a
1948 2559 2140 2627 beato
2215 2563 2407 2628 Petro
2455 2562 2738 2649 accepit,

213 2649 439 2737 cujus,
493 2648 651 2717 licet
690 2647 983 2737 indigni,
1024 2648 1269 2717 vicarii
1316 2670 1584 2728 sumus,
1625 2660 1692 2716 et
1722 2647 1885 2732 quia
1920 2648 2104 2737 regia
2139 2648 2518 2734 antiquitus
2550 2648 2744 2718 sedes

207 2750 336 2818 est,
373 2758 454 2806 ex
491 2737 890 2806 auctoritate
924 2737 1047 2805 Dei·
1071 2749 1136 2805 et
1183 2749 1575 2805 sanctorum
1612 2735 2083 2826 Apostolorum
2121 2748 2322 2822 atque
2376 2734 2585 2822 huius
2617 2742 2776 2806 Ro-·

212 2847 461 2893 manae
519 2825 710 2894 Sedis
756 2838 820 2893 et
878 2837 1107 2894 nostra
1165 2825 1634 2906 concedimuS,
1685 2824 2167 2914 permittimus,
2212 2835 2276 2894 et
2332 2823 2746 2894 solidissime

209 2914 733 2994 confirmamuS‚
770 2926 846 2983 ut
870 2914 1173 3003 amplius
1208 2914 1274 2982 in
1315 2926 1723 3003 perpetuum
1760 2913 1983 3002 regiae
2009 2913 2517 2982 constitutionis
2553 2912 2745 2983 locus

211 3003 326 3082 sit,
366 3016 566 3096 atqqe
610 3002 1090 3091 repositorium
1139 3001 1470 3092 regalium
1510 3002 1918 3091 insignium,
1960 3013 2024 3069 et
2054 3001 2381 3070 habitatio
2463 3015 2746 3091 erpetua

211 3092 765 3172 monachorum,
818 3091 937 3177 qui
989 3092 1161 3160 nulli
1214 3093 1497 3160 omnino
1562 3112 1890 3180 personae
1939 3090 2073 3157 nisi
2131 3090 2271 3180 regi
2329 3024 2738 3172 sussdantun

212 3180 647 3266 habeantque
711 3193 1106 3268 potestatem
1161 3179 1541 3250 secundum
1606 3177 1913 3268 regulam
1970 3178 2189 3246 sancti
2243 3177 2588 3248 Benedicti
2625 3200 2747 3268 per

215 3269 689 3340 successiones
720 3267 971 3358 eligere
994 3291 1072 3336 ex
1103 3290 1172 3338 se
1207 3267 1488 3337 idoneos
1519 3267 1833 3348 Abbate5‚
1869 3288 2088 3352 neque
2122 3267 2599 3336 introducatur
2626 3289 2747 3356 per

213 3357 609 3426 violentiam
645 3370 960 3426 extranea
1000 3379 1327 3457 persona,
1376 3357 1508 3425 nisi
1543 3376 1750 3442 quam
1794 3377 2080 3424 concors
2130 3357 2565 3456 congregatio
2597 3377 2746 3426 esse

116 3527 121 3532 .
212 3445 684 3534 praeelegerit.
748 3444 1181 3514 Absolvtmus
1220 3446 1421 3514 etiam
1473 3466 1629 3513 eum
1686 3443 1909 3512 locum
1975 3444 2060 3512 ab
2112 3466 2301 3513 omm
2354 3445 2621 3514 servitio
2681 3457 2747 3512 et

214 3534 681 3603 dominatione
714 3534 1106 3623 episcopali,
1146 3547 1220 3603 ut
1260 3533 1497 3602 nullus
1530 3532 1908 3622 Episcopus
1942 3532 2105 3601 illuc
2140 3533 2428 3602 introeat
2467 3533 2746 3602 ordina-

214 3635 414 3690 turus
455 3635 574 3691 aut
615 3635 1106 3711 praecepturus
1140 3621 1427 3708 aliquid,
1468 3621 1604 3689 nisi
1637 3644 1718 3689 ex
1753 3621 2073 3709 petitione
2127 3635 2192 3689 et
2237 3643 2579 3691 consensu
2618 3622 2745 3690 Ab·

212 3711 393 3780 hatis
442 3723 506 3779 et
556 3712 1076 3780 monachorum.
1106 3716 1182 3779 Et
1213 3709 1458 3778 habeat
1498 3709 1677 3778 idem
1723 3709 1915 3779 locus
1948 3708 2243 3778 liberum
2282 3709 2736 3798 procinctum,

214 3799 285 3866 id
334 3811 457 3877 est,
500 3799 835 3869 ambitum
893 3818 957 3867 et
990 3799 1468 3868 coemeterium
1510 3809 1934 3866 mortuorum
1969 3798 2152 3867 circa
2187 3820 2280 3878 se,
2320 3797 2578 3884 absque
2610 3799 2746 3887 epi·

216 3887 476 3977 scopali
526 3887 627 3956 vel
662 3887 1031 3976 cujuslibet
1083 3899 1416 3976 respectu,
1459 3887 1555 3954 vel
1592 3888 1980 3966 exactione;
2015 3899 2079 3955 et
2127 3885 2385 3965 omnia,
2429 3907 2604 3972 quae
2652 3886 2737 3954 ad

218 3974 599 4045 libertatem
640 3987 705 4044 et
752 3974 1223 4044 exaltationem
1257 3974 1446 4043 illius
1487 3974 1614 4043 loci
1661 3975 1743 4042 ad
1785 3975 2109 4043 honorem
2153 3975 2266 4042 Dei
2304 3974 2737 4062 pertinentia,

219 4085 339 4152 per
373 4076 667 4133 nostram
707 4064 1172 4132 auctoritatem
1210 4062 1532 4131 accedere
1559 4075 1870 4151 possunt,
1904 4063 2107 4131 hilari
2132 4076 2196 4132 et
2231 4063 2742 4151 promptissima

218 4151 561 4222 voluntate
608 4152 1078 4221 concedimus.
1139 4151 1605 4220 Possessiones
1656 4164 1883 4218 autem
1921 4206 1935 4231 ‚
1990 4172 2162 4236 quas
2210 4151 2477 4235 antiqui
2548 4172 2742 4238 reges

218 4262 342 4307 seu
394 4243 813 4327 quicumque
860 4239 977 4308 alii
1041 4240 1378 4320 homines,
1440 4261 1556 4307 vos
1613 4260 1887 4325 quoque
1934 4251 1998 4307 et
2048 4239 2246 4307 vestri
2306 4239 2594 4308 barones
2653 4239 2738 4306 ad

160 4341 167 4348 ’
216 4328 534 4396 eumdem
589 4329 813 4397 locum
865 4327 1270 4407 contulistis,
1310 4339 1374 4395 et
1429 4327 1725 4407 chartaS‚
1763 4349 1938 4413 quae
1991 4349 2068 4395 ex
2117 4328 2217 4396 eis
2278 4327 2491 4396 factae
2547 4338 2735 4406 sunt,

217 4415 450 4485 divina
490 4431 554 4486 et
618 4421 847 4486 nostra
906 4416 1303 4486 auctoritate
1356 4416 1783 4497 roboramUS‚
1820 4430 1883 4485 et
1927 4430 2107 4486 ratas
2140 4421 2217 4485 ac
2268 4415 2544 4486 stabiles
2591 4435 2744 4484 esse
