3347 4999
234 333 407 400 OCT.
463 336 535 399 3⁴
905 348 985 397 na
1033 353 1089 399 s.
1129 350 1516 398 wowotmeo
1554 352 1651 397 ει».
1693 351 2102 400 mmsronmt.
2552 336 2676 400 757

233 436 434 505 illum
468 435 654 526 eligi,
700 457 780 504 ac
808 435 1058 504 deinde
1107 435 1207 504 vel
1254 435 1538 505 invitum
1589 435 2112 506 Francot'urtum
2143 489 2164 516 ,
2210 436 2334 506 ubi
2389 441 2771 527 Imperator

235 524 482 596 Christi
533 524 826 593 natalem
870 523 1340 594 celebraturus
1386 538 1552 604 erat,
1619 523 1925 614 perduci.
1978 524 2242 594 Abeunt
2290 524 2488 616 legati
2542 530 2768 616 Impe-

235 613 503 695 ratoris,
542 613 903 683 inveniunt
935 612 1207 682 beatum
1252 612 1472 681 virum
1525 613 1712 702 apud
1772 613 2184 703 Episcopum
2236 614 2711 704 supradictum
2743 671 2761 698 ,

233 701 350 772 sed
390 703 537 793 jam
590 703 999 793 cogitantem
1052 702 1121 771 in
1175 701 1490 790 patriam,
1527 703 1787 793 quippe
1840 702 1960 789 qui
2011 701 2184 772 nihil
2238 703 2479 772 horum
2533 703 2761 784 sciret,

231 790 504 879 alioque
551 792 865 860 animum
921 812 1126 859 suum
1178 789 1582 860 intenderet.
1637 792 1902 881 Legatis
1955 812 2113 861 vero
2162 790 2636 861 indicantibus
2697 793 2764 862 ei

228 901 510 950 causam
547 880 882 949 adventus
913 879 1046 960 sui,
1102 880 1404 969 primum
1455 879 1570 949 ille
1624 881 1913 950 recurrit
1961 880 2045 949 ad
2146 879 2475 950 enetralia
2537 880 2766 951 cordis

233 970 366 1049 sui,
411 983 614 1057 atque
649 968 791 1037 illic
820 990 893 1037 se
938 980 1004 1036 et
1050 990 1175 1037 sua
1220 972 1349 1037 Deo
1395 968 1867 1049 commendat;
1919 969 2075 1037 dein
2132 991 2169 1037 e
2217 970 2552 1058 Episcopo
2606 968 2765 1038 Pili-

230 1057 453 1148 grino,
506 1058 714 1146 cujus
746 1057 1074 1126 charitate
1123 1056 1266 1125 illic
1321 1057 1777 1138 detinebatur,
1833 1059 1928 1128 ita
1981 1058 2189 1128 dicit:
2248 1084 2274 1121 ε
2313 1064 2569 1129 Novum
2635 1058 2764 1129 hoc

233 1147 661 1227 mandatum,
706 1146 889 1233 quod
944 1146 1031 1215 ab
1065 1151 1480 1235 Imperatore
1534 1147 1617 1215 ad
1685 1168 1792 1216 me
1846 1148 2151 1228 affertur,
2210 1149 2350 1227 tua,
2415 1147 2483 1215 ni
2533 1145 2756 1228 fallor,

230 1239 436 1325 opera
473 1236 909 1326 impetratum
942 1247 1066 1304 est.
1101 1235 1237 1304 Etsi
1269 1247 1497 1305 autem
1532 1235 1883 1326 exiguitati
1937 1258 2127 1305 meae
2161 1236 2471 1305 timorem
2507 1235 2756 1323 injicit,

230 1324 345 1393 sed
413 1337 636 1393 tamen
687 1324 907 1393 bonae
957 1323 1284 1393 voluntati
1337 1336 1531 1404 tuae,
1600 1347 1737 1412 qua
1799 1339 2056 1395 tantam
2124 1346 2265 1394 rem
2330 1324 2611 1395 molitus
2657 1347 2754 1406 es,

233 1418 408 1483 Deus
457 1414 839 1503 praemium
884 1411 1135 1483 reddet.
1173 1435 1210 1480 »

317 1503 353 1588 ξ
399 1508 537 1575 u.
594 1507 750 1572 Post
798 1502 963 1571 haec
995 1523 1153 1571 cum
1192 1500 1254 1570 le
1304 1502 1432 1571 atis
1462 1503 1902 1592 Imperatoris
1936 1501 2219 1594 profecti
2251 1514 2414 1573 sunt
2449 1504 2761 1592 Ratispo·

231 1590 465 1671 nam*,
501 1591 622 1661 ubi
672 1590 902 1661 Clerus
950 1604 1012 1660 et
1062 1612 1245 1680 popu
1278 1613 1386 1671 us,
1424 1604 1501 1659 ut
1538 1595 1915 1681 Imperator
1967 1591 2254 1681 petebat,
2314 1613 2502 1661 more
2539 1590 2760 1662 eccle-

227 1679 502 1758 siastico
550 1693 867 1751 sanctum
903 1678 1380 1769 wolfgangum
1430 1681 1850 1751 unanimiter
1896 1681 2273 1770 elegerunt,
2326 1680 2760 1768 electumque

226 1789 384 1854 cum
438 1768 877 1870 Imperatoris
915 1769 1193 1838 nunciis
1239 1768 1324 1837 ad
1370 1768 1517 1854 ejus
1567 1769 1797 1839 aulam
1847 1769 2286 1840 dimiserunt.
2331 1773 2636 1857 Cumque
2683 1771 2753 1839 in

223 1859 375 1944 ejus
415 1871 708 1928 venisset
746 1869 1215 1947 conspectum,
1259 1856 1342 1926 ad
1442 1857 1601 1927 edes
1645 1860 1797 1949 ejus
1843 1858 2231 1939 advolutus,
2298 1857 2635 1928 fatebatur
2688 1881 2761 1929 se

229 1944 642 2035 indignum,
717 1946 1109 2026 indoctum,
1165 1946 1394 2035 ignobi
1427 1968 1580 2020 em.
1642 1963 1709 2016 et
1757 1948 2200 2017 monasticam
2318 1946 2758 2018 rofessionem

223 2047 755 2116 consectantem,
809 2035 982 2104 nihil
1032 2035 1293 2121 absque
1339 2036 1447 2104 sui
1503 2036 1780 2107 Abbatis
1838 2037 2180 2127 permissu
2286 2037 2485 2106 ebere
2533 2036 2758 2106 susci-

230 2145 409 2211 pere;
463 2125 814 2211 simulque
860 2124 1119 2204 orabat,
1167 2145 1251 2192 ne
1283 2137 1597 2193 sanctum
1661 2125 1888 2195 locum
1941 2125 2163 2215 ipsius
2225 2124 2540 2195 foeditate
2591 2147 2757 2195 con-

227 2215 611 2283 taminaret.
669 2219 1044 2303 Imperator
1081 2225 1336 2290 autem,
1370 2235 1658 2282 cernens
1693 2214 1890 2284 illum
1932 2215 2102 2283 adeo
2142 2216 2570 2292 renitentem,
2610 2235 2755 2283 cer-

142 2351 151 2360 ·
227 2301 364 2370 tius
419 2303 580 2372 inde
626 2301 889 2392 colligit
949 2302 1403 2391 integritatem
1452 2302 1643 2389 ejus,
1695 2316 1761 2372 et
1818 2324 2024 2390 quam
2064 2302 2267 2393 plane
2326 2302 2446 2374 illo
2502 2303 2758 2374 honore

221 2390 478 2548 dignus
525 2391 637 2461 sit.
683 2395 919 2478 Itaque
965 2389 1260 2480 speciale
1305 2389 1636 2478 quiddam
1695 2392 1765 2461 in
1822 2414 1901 2462 eo
1958 2414 2338 2483 agnoscens
2368 2447 2383 2473 ,
2436 2394 2755 2481 quamvis

225 2502 295 2547 re
333 2480 590 2551 uctanti
653 2480 1086 2566 multumque
1155 2479 1669 2569 ingemiscenti,
1740 2480 2224 2574 Episcopatum
2287 2482 2748 2554 commendat.

225 2569 454 2640 Multis
486 2570 647 2639 inde
679 2569 1027 2660 adjunctis
1057 2569 1121 2637 ei
1151 2568 1312 2639 fidis
1347 2569 1610 2639 itineris
1656 2572 2051 2654 comitibuS,
2099 2572 2542 2661 Ratisponam
2593 2592 2753 2640 eum

222 2658 525 2728 remittit.
587 2663 733 2741 Quo
788 2671 1148 2748 postquam
1205 2659 1528 2748 pervenit,
1580 2682 1740 2729 cum
1799 2661 2089 2731 canticis
2143 2660 2436 2729 laetitiae
2482 2672 2548 2728 et
2595 2680 2755 2729 voce

218 2747 657 2817 exultationis
704 2748 849 2817 exci
907 2747 1065 2829 itur,
1110 2759 1175 2816 et
1233 2770 1418 2818 more
1472 2749 1858 2818 antistitum
1926 2750 2420 2837 inauguratuS,
2477 2769 2753 2818 summo

220 2838 478 2925 pastori
509 2857 822 2906 commen
880 2849 1056 2917 atur,
1110 2848 1313 2923 atque
1345 2849 1495 2926 post
1541 2837 1688 2907 dies
1735 2837 1996 2924 aliquot
2034 2860 2072 2906 a
2109 2836 2451 2906 Friderico
2482 2834 2755 2905 Archie·

222 2924 504 3015 piscopo
540 2924 611 2960 *⁴*
644 2925 966 3013 illiusque
1014 2926 1469 3015 suffraganeis
1500 2939 1964 2996 consecratur.

307 3015 344 3099 ξ
375 3018 511 3085 15.
549 3013 847 3105 Adeptus
880 3014 1091 3105 igitur
1121 3027 1382 3083 tantum
1424 3015 1909 3094 ministerium,
1954 3012 2174 3083 noluit
2198 3013 2404 3083 inane
2435 3012 2753 3104 Episcopi

219 3102 471 3171 habere
521 3124 795 3185 nomen,
853 3102 969 3173 sed
1026 3103 1139 3172 die
1197 3115 1538 3190 noctuque
1607 3102 1774 3171 illud
1839 3102 2366 3193 diligentissime
2429 3102 2746 3183 excoluit,

220 3211 481 3260 munus
525 3213 729 3260 suum
795 3207 1111 3262 accurate
1157 3191 1495 3260 obeundo.
1559 3195 1691 3261 Nec
1734 3204 2009 3280 propter
2065 3192 2516 3281 Episcopatus
2564 3191 2755 3261 fasti-

218 3278 439 3367 gium,
496 3279 804 3348 habitum
843 3280 1300 3350 monasticum
1356 3294 1620 3350 mutare
1670 3280 1922 3350 voluit:
1970 3280 2085 3352 sed
2121 3302 2259 3367 qua
2313 3294 2457 3350 erat
2504 3281 2754 3350 intrin-

215 3387 416 3436 secus
449 3368 661 3436 animi
701 3369 1108 3449 humilitate,
1161 3389 1311 3437 eam
1347 3368 1550 3438 etiam
1589 3368 1755 3440 soris
1793 3392 1954 3460 prae
2001 3392 2073 3441 se
2118 3369 2372 3440 ferebat
2412 3371 2751 3440 bonorum

216 3474 500 3542 operum
572 3455 801 3525 studio
857 3470 1059 3542 atque
1119 3456 1335 3526 cultu.
1404 3463 1659 3528 Memor
1730 3480 2005 3546 quoque
2073 3460 2448 3529 sententiae
2507 3459 2744 3529 illius:

217 3544 591 3633 Principem
644 3555 708 3614 te
745 3548 1248 3625 constituerunt,
1311 3548 1457 3615 noli
1511 3550 1798 3617 emolli.-
1845 3549 1963 3618 sed
2008 3558 2141 3617 esto
2205 3551 2275 3618 in
2327 3551 2494 3627 iltis,
2554 3551 2758 3639 quasi

215 3654 390 3701 unus
436 3655 527 3700 ea>
582 3634 722 3702 illis
749 3634 985 3722 (Eccli.
1021 3633 1247 3722 xxxii),
1294 3656 1428 3704 non
1479 3636 1802 3737 cupiebat
1855 3636 2199 3707 dominari
2249 3637 2318 3706 in
2370 3637 2575 3716 clero,
2629 3635 2749 3706 sed

211 3720 595 3790 conabatur
634 3720 853 3792 forma
907 3744 1056 3792 esse
1104 3723 1292 3813 gregi
1330 3725 1704 3807 Domintco,
1770 3724 1943 3795 illud
2002 3725 2280 3796 assidue
2319 3741 2544 3795 mente
2603 3746 2751 3794 ver-

211 3831 400 3891 sanS,
457 3809 638 3897 quod
702 3832 821 3900 per
870 3811 1281 3881 Ezechielem
1342 3814 1742 3902 prophetam
1794 3814 2127 3884 adversus
2168 3815 2383 3884 malos
2444 3826 2749 3903 pastores

208 3897 377 3967 dicit
429 3898 791 3969 Dominus:
839 3905 969 3970 Vae
1013 3902 1414 3991 pastoribus
1456 3905 1579 3993 qui
1616 3905 1977 3994 pascebant
2018 3906 2422 3995 semetipso&
2473 3925 2750 3994 yreqem

209 3998 437 4057 autem
490 4011 712 4058 meum
756 4011 886 4059 non
936 3991 1294 4080 pascebant
1339 3991 1628 4080 (Ezeck.
1665 3993 1929 4083 xxxiv).
1985 3992 2363 4081 Perspectis
2402 4004 2631 4062 autem
2683 4003 2747 4061 et

210 4076 509 4166 cognitis
547 4077 752 4147 rebus
799 4078 1249 4168 Episcopatus
1295 4079 1432 4160 sui,
1484 4102 1641 4149 cum
1699 4082 2271 4151 animadverteret
2305 4081 2371 4150 in
2408 4081 2579 4151 urbe
2617 4085 2747 4151 Ra-

214 4163 632 4253 tisponensis
688 4166 1106 4236 monasticae
1163 4167 1335 4236 vitae
1383 4167 1697 4259 religioni
1763 4169 2053 4239 multum
2111 4168 2462 4252 decedere,
2506 4169 2747 4240 crebro

213 4254 596 4341 suspirans,
654 4254 908 4327 dixisse
969 4254 1221 4326 fertur:
1268 4259 1385 4326 «Ο
1443 4258 1503 4326 si
1547 4258 1921 4328 monachos
1973 4258 2412 4342 haberemus,
2478 4274 2748 4330 caetera

263 4413 289 4434 ⁸
320 4413 614 4464 Germanice,
632 4418 947 4470 Roymabourq,
965 4419 1014 4458 in
1035 4419 1258 4458 navariae
1276 4428 1436 4470 regno.

263 4466 317 4492 *⁸
347 4467 615 4511 Fridericus
633 4472 1028 4522 archiepiscopus
1048 4474 1148 4512 eret
1166 4473 1298 4514 urbis
1316 4474 1582 4523 salemum.
