3347 4999
669 300 792 363 424
1480 316 1556 362 DE
1605 316 1660 360 s.
1713 316 1971 363 mansu
2022 316 2191 364 vine.
2391 356 2407 371 ‚
2799 297 2971 363 OCT.
3030 300 3119 363 ⁴5

577 402 939 491 virginem,
971 421 1169 487 quae,
1209 412 1567 488 postquam
1605 400 1903 469 mirabili
1936 402 2208 470 victoria
2245 422 2520 469 carnem
2550 422 2747 469 suam
2783 404 3117 490 perpetua

579 490 987 575 virginitate,
1044 489 1383 557 mundum
1434 487 1829 557 admirabili
1878 490 2285 568 humilitate,
2339 504 2404 558 et
2450 503 2735 558 cunctas
2782 489 3125 557 adinven-

583 579 798 648 tiones
843 576 1096 646 diaboli
1133 577 1369 645 multis
1401 577 1857 663 maximisque
1890 579 2259 647 virtutibus
2292 590 2704 668 superasset,
2742 577 3117 647 excelsiora

579 666 892 743 moliens,
944 680 1010 735 et
1049 665 1363 734 virtutem
1415 687 1616 734 sexus
1663 666 1880 734 animi
1932 667 2407 755 magnitudine
2455 688 2897 756 supergressa
2928 721 2943 747 ,
2996 689 3117 735 ac-

578 755 789 825 cinxit
837 754 1231 823 fortitudine
1282 753 1554 822 lumbos
1603 776 1789 829 suos,
1841 767 1905 823 et
1955 756 2293 824 roboravit
2344 756 2699 825 brachium
2753 777 2991 834 suum,
3046 767 3117 823 et

577 845 898 914 instruxit
957 843 1293 912 exercitus
1351 841 1672 923 fortium;
1724 844 1843 930 qui
1897 865 2017 933 pro
2077 845 2280 913 domo
2330 846 2441 912 Dei
2508 843 2797 912 Sabaoth
2861 856 2925 911 et
2990 865 3118 932 pro

580 933 725 1023 lege
771 932 923 1020 ejus
969 944 1033 1001 et
1089 954 1210 1021 pro
1262 931 1604 999 mandatis
1650 933 1799 1019 ejus
1847 933 2060 1000 armis
2112 933 2592 1021 spiritualibus
2639 931 3110 1013 decertarent,

577 1043 785 1109 quam
831 1022 1162 1089 Dominus
1208 1018 1290 1088 ad
1347 1032 1609 1088 tanturn
1647 1043 1822 1108 opus
1859 1022 2325 1109 peragendum
2364 1021 2760 1090 abundante
2802 1019 3115 1109 implevit

581 1110 828 1198 spiritu
877 1109 1250 1199 sapientiae
1308 1122 1373 1177 et
1423 1108 1808 1178 intellectus
1841 1164 1856 1189 ‚
1910 1124 1973 1178 et
2025 1111 2366 1179 thesauris
2427 1111 2683 1200 gratiae
2731 1130 2895 1177 suae
2943 1108 3117 1177 adeo

581 1198 971 1276 illustravit,
1024 1210 1099 1265 ut
1147 1196 1473 1287 splendor
1518 1198 1694 1283 eius,
1750 1212 2099 1285 tamquam
2152 1198 2344 1267 stella
2382 1199 2448 1267 in
2487 1199 2939 1277 firmamentO,
2978 1196 3119 1266 sul·

582 1301 735 1378 geat
768 1287 834 1354 in
872 1286 1077 1355 domo
1113 1287 1222 1354 Dei
1277 1286 1342 1354 in
1390 1300 1751 1375 perpetuas
1799 1287 2251 1356 aeternitates.

670 1378 705 1462 ξ
756 1380 843 1446 2.
900 1375 1189 1463 Dignum
1227 1374 1438 1474 igitur
1466 1389 1530 1443 et
1563 1398 1948 1464 congruum
1982 1375 2549 1455 existimavimuS,
2594 1387 2905 1461 utquam
2938 1378 3119 1443 Deus

582 1478 645 1533 et
697 1464 1098 1553 Unigenitus
1150 1462 1358 1532 Filius
1405 1464 1578 1552 ejuS,
1635 1464 1966 1533 Dominus
2018 1477 2242 1533 noster
2287 1470 2488 1532 Jesus
2536 1463 2866 1543 ChristuS‚
2915 1464 3117 1549 quasi

583 1575 904 1642 sponsam
956 1565 1262 1621 ornatam
1316 1557 1566 1621 corona
1615 1565 1680 1621 et
1728 1553 2113 1622 decoratam
2159 1552 2535 1621 monilibus
2574 1552 2742 1631 suis,
2789 1553 2856 1620 in
2895 1551 3119 1641 gloria

583 1642 1075 1710 miraculorum
1130 1639 1308 1730 plebi
1358 1664 1522 1710 suae
1571 1641 2013 1710 manifestare
2063 1640 2387 1731 dignatus
2434 1653 2557 1719 est,
2612 1645 2742 1710 Nos
2788 1661 3062 1726 quoque
3094 1694 3111 1720 ‚

584 1753 706 1821 pro
756 1729 1075 1819 pastorali
1126 1729 1588 1800 sollicitudine
1627 1734 1857 1799 nostra
1909 1731 1974 1798 in
2011 1729 2382 1799 universali
2423 1729 2743 1808 Ecclesia,
2781 1729 2919 1808 cui,
2961 1728 3119 1797 licet

585 1820 848 1888 meritis
899 1818 1182 1887 minime
1230 1821 1435 1887 suti'ra
1492 1819 1794 1897 antibus,
1854 1819 2349 1908 praesidemus,
2405 1831 2754 1903 tamquam
2792 1822 3114 1885 Sanctam

583 1920 647 1976 et
694 1907 988 1977 Electam
1033 1907 1170 1986 Dei,
1225 1906 1413 1975 colen
1471 1930 1577 1975 am
1629 1923 1693 1976 et
1744 1906 2222 1986 venerandam,
2278 1906 2649 1996 apostolica
2684 1906 3111 1986 auctoritate,

584 1996 1109 2073 decreverimus,
1163 2007 1238 2064 ut
1284 2016 1521 2063 omnes
1569 1996 1805 2085 populi
1853 1996 2309 2065 confiteantur
2350 1995 2636 2063 Domino
2684 1994 2752 2063 in
2787 1994 3119 2063 omnibus

582 2084 1020 2154 mirabilibus
1067 2084 1239 2173 ejus,
1295 2096 1358 2152 et
1406 2097 1771 2173 cognoscat
1819 2084 2045 2153 omnis
2090 2106 2271 2163 caro,
2318 2084 2645 2170 quoniam
2686 2104 2817 2151 non
2854 2082 3114 2151 defece·

584 2186 744 2241 runt
793 2174 859 2241 in
902 2172 1146 2242 diebus
1186 2172 1433 2242 nostris
1471 2172 1941 2242 miserationes
1988 2173 2180 2259 ejus:
2233 2173 2375 2258 qui,
2429 2172 2769 2258 quamvis,
2820 2171 3118 2260 peccatis

585 2264 838 2330 nostris
884 2259 1334 2350 exigentibu5‚
1389 2261 1610 2329 visitet
1652 2284 1776 2330 nos
1826 2262 1892 2329 in
1931 2260 2032 2329 vir
2081 2265 2123 2329 a
2170 2260 2666 2348 indignationis
2715 2282 2919 2337 suae,
2975 2281 3115 2328 non

588 2363 815 2418 tamen
867 2350 1164 2418 continet
1212 2350 1278 2416 in
1333 2349 1433 2417 ira
1483 2352 1608 2419 sua
1659 2349 2014 2418 misericor
2069 2351 2168 2417 ias
2215 2371 2418 2431 suas3
2470 2348 2635 2417 dum
2695 2348 2763 2416 in
2803 2348 3119 2417 afflictio-

587 2436 795 2506 nibus
845 2438 1091 2508 nostris
1141 2438 1330 2507 novis
1382 2459 1503 2507 nos
1554 2438 1915 2528 praesidiis
1973 2438 2215 2518 munit,
2268 2452 2332 2507 et
2379 2437 2635 2507 amicos
2683 2459 2848 2506 suos
2880 2436 3120 2506 multi-

585 2526 817 2617 plicat,
849 2528 967 2614 qui
999 2527 1366 2596 Ecclesiam
1401 2549 1594 2596 suam
1636 2528 2031 2597 meritorum
2060 2540 2125 2596 et
2154 2527 2718 2596 intercessionum
2765 2525 3119 2615 suffragiis

585 2627 944 2705 protegant
976 2637 1054 2685 ac
1088 2616 1478 2685 defendant.
2218 2670 2243 2680 f

672 2706 708 2791 ξ
752 2709 843 2775 3.
897 2709 1128 2791 Atque,
1167 2717 1241 2773 ut
1287 2705 1587 2773 universi
1621 2703 2103 2773 christifideles
2137 2703 2543 2794 intelligant,
2583 2724 2792 2789 quam
2835 2701 3119 2771 abunde

585 2793 653 2860 in
703 2793 1033 2862 Ancillam
1096 2814 1289 2861 suam
1341 2793 1653 2861 effuderit
1720 2797 1891 2861 Deus
1939 2793 2023 2861 de
2070 2793 2317 2878 spiritu
2380 2814 2505 2862 suo
2541 2847 2556 2872 ‚
2612 2813 2691 2860 ac
2758 2805 3120 2881 propterea

584 2903 741 2970 erga
792 2883 1011 2971 ipsam
1062 2881 1327 2950 devotio
1377 2882 1443 2949 in
1496 2881 1642 2949 dies
1691 2894 2059 2969 augeatur,
2117 2881 2529 2970 insigniores
2574 2880 2908 2965 quasdam
2959 2879 3120 2966 ejus

587 2971 891 3050 virtutes,
944 2983 1009 3039 et
1055 2969 1285 3056 aliqua
1335 2992 1411 3038 ex
1462 2968 1925 3059 magnalibus,
1979 2991 2153 3056 quae
2201 2969 2269 3036 in
2335 2991 2549 3038 manu
2596 2969 2747 3058 ejus
2794 2981 3121 3057 operatus

585 3071 685 3127 est
735 3059 1104 3138 DominuS,
1179 3058 1286 3128 his
1350 3057 1589 3127 litteris
1656 3057 1982 3128 duximus
2032 3057 2414 3126 inserenda.
2470 3063 2630 3127 Nata
2693 3070 2795 3126 est
2848 3057 3123 3126 Teresia

585 3145 836 3216 Abulae
876 3148 954 3227 ¹⁴⁸,
1012 3148 1078 3215 in
1132 3168 1340 3236 regno
1389 3145 1758 3220 Castellae,
1813 3167 1993 3215 anno
2054 3146 2297 3215 salutis
2345 3146 2687 3214 humanae
2749 3145 3123 3214 millesimo

586 3235 1137 3334 quingentesimo
1169 3234 1682 3321 quintodecimo
1714 3235 1803 3315 μ,
1860 3235 2279 3324 parentibus,
2319 3248 2395 3302 ut
2435 3227 2682 3324 genePe
2716 3232 3114 3322 praeclariS,

587 3322 678 3391 ita
714 3335 915 3391 etiam
970 3322 1141 3390 vitae
1189 3323 1571 3413 integritate
1605 3323 2045 3413 conspicuis;
2098 3347 2135 3391 a
2175 3321 2428 3410 quibus
2460 3324 2527 3390 in
2574 3323 2815 3391 timore
2846 3322 3123 3391 Domini

587 3409 896 3489 educata,
934 3409 1416 3480 admirandum
1442 3412 1712 3481 suturae
1741 3411 2119 3482 sanctitatis
2148 3413 2214 3480 in
2248 3412 2613 3481 tenerrima
2645 3410 2874 3479 adhuc
2902 3423 3125 3480 aetate

590 3498 935 3588 specimen
974 3497 1195 3569 dedit:
1231 3522 1414 3581 nam,
1451 3524 1606 3570 cum
1653 3504 2020 3590 Martyrum
2060 3515 2207 3569 acta
2248 3500 2642 3590 perlegeret,
2688 3499 2856 3568 adeo
2888 3500 3124 3569 Sancti

589 3586 882 3676 Spiritus
932 3587 1087 3676 igne
1135 3609 1252 3656 cor
1297 3589 1446 3677 ejus
1495 3588 1675 3658 intra
1722 3611 1869 3658 eam
1922 3589 2309 3669 concaluit,
2365 3602 2441 3657 ut
2503 3610 2658 3658 cum
2713 3588 2915 3656 fratre
2961 3610 3127 3677 ger-

587 3694 790 3743 mano
826 3675 1027 3745 etiam
1082 3698 1292 3766 puero
1339 3676 1543 3747 domo
1576 3677 1919 3766 aufugerit
1956 3678 2081 3758 ⁴⁸,
2121 3691 2195 3747 ut
2232 3679 2298 3745 in
2333 3677 2554 3747 Africa
2597 3676 2955 3764 trajiceret,
2993 3676 3125 3746 ubi

589 3766 992 3855 sanguinem
1028 3787 1105 3833 ac
1144 3767 1343 3834 vitam
1397 3788 1519 3855 pro
1569 3767 1955 3835 testimonio
1987 3772 2152 3838 Jesu
2184 3766 2430 3836 Christi
2484 3765 2946 3855 profunderet.
2985 3765 3121 3834 Sed

584 3873 871 3923 occursu
915 3855 1138 3942 patrui
1189 3868 1518 3934 revocata,
1575 3877 1734 3925 cum
1784 3855 2113 3943 optimam
2167 3868 2412 3924 sortem
2465 3854 2597 3923 sibi
2636 3867 2933 3944 ereptam
2966 3875 3129 3924 esse

572 3941 861 4032 jugibus
896 3942 1218 4031 lacrymis
1259 3942 1664 4030 deploraret,
1720 3943 1969 4012 ardens
2019 3944 2328 4033 martyrii
2363 3943 2783 4012 desiderium
2820 3942 3129 4012 eleemo-

582 4031 795 4120 synis,
835 4030 1127 4119 aliisque
1156 4032 1482 4122 operibus
1515 4032 2006 4121 compensavit.

669 4121 704 4205 ξ
751 4124 834 4191 4.
891 4120 1015 4188 Sed
1057 4142 1213 4189 cum
1249 4119 1329 4189 ad
1369 4120 1773 4210 vigesimum
1811 4122 2048 4192 aetatis
2079 4142 2341 4191 annum
2378 4120 2817 4210 pervenisset,
2851 4118 3132 4190 Christo

584 4227 653 4277 se
705 4219 904 4276 totam
958 4208 1363 4298 despondit,
1418 4224 1484 4279 et
1536 4209 2004 4295 vocationem,
2049 4230 2185 4296 qua
2233 4211 2319 4279 ab
2368 4231 2445 4278 eo
2495 4221 2728 4278 vocata
2774 4220 2938 4286 erat,
2994 4230 3131 4309 ag-

584 4318 811 4384 gressa
852 4351 866 4376 ‚
921 4296 1000 4365 ad
1058 4297 1388 4367 moniales
1437 4310 1710 4369 sanctae
1760 4299 2006 4367 Mariae
2054 4298 2138 4368 de
2204 4304 2425 4368 Monte
2486 4296 2790 4367 Carmelo
2837 4296 3135 4368 Ordinis

635 4424 657 4444 '
687 4424 864 4470 Italico,
882 4425 1007 4464 Acila
1029 4425 1070 4463 in
1090 4424 1314 4475 castique.
1634 4425 1688 4452 2*
1719 4425 1804 4466 Dte
1824 4427 1874 4466 28
1892 4422 2066 4466 martii.
2390 4425 2469 4453 *⁸¹¹
2504 4426 2636 4467 cire·
2660 4433 2833 4468 annum
2852 4424 2971 4464 1522.
