3347 4999
223 346 400 413 OCT.
453 347 539 412 25
939 365 1019 411 ιη
1071 365 1127 411 s.
1181 363 1441 410 mmm}
1492 363 1703 409 mma
1751 363 1826 408 ετ
1875 359 2062 408 nar.
2560 345 2685 408 747

223 450 328 519 sic
374 470 706 519 excussus
750 460 875 529 est,
932 463 1007 517 ut
1057 469 1181 518 nec
1232 464 1424 536 tepor
1454 447 1734 534 quidem
1776 446 2074 514 incendii
2127 458 2558 525 remaneret:
2612 445 2778 516 libe-

227 551 555 625 ratusque
589 539 789 608 miles
840 536 1136 616 Domini,
1192 536 1586 624 tripudians
1622 534 1995 623 egreditur.

316 629 352 714 ξ
399 634 486 699 5.
542 627 729 697 Dolet
778 626 1044 716 impius,
1087 630 1470 715 Imperator
1517 645 1589 693 se
1645 623 1854 704 vinci,
1900 622 2234 709 jubetque
2292 621 2507 692 multo
2556 622 2780 693 borri-

227 715 544 785 biliorem
596 715 850 785 adduci
901 714 1229 794 belluam,
1284 734 1460 800 quae
1509 717 1835 783 Sanctum
1894 711 2330 800 deglutiens,
2389 711 2593 780 linem
2646 712 2780 780 im-

229 817 439 895 ponat
486 803 937 874 altercationi.
992 803 1229 872 Statim
1281 801 1652 871 adducitur
1704 800 1808 870 leo
1858 800 2327 880 saevissimus,
2379 815 2444 869 et
2499 813 2783 890 paratur

224 892 315 963 ad
369 893 546 963 beati
595 894 719 962 viri
765 892 1165 963 interitum:
1220 892 1339 979 qui
1387 905 1454 960 et
1501 890 1648 980 ipse
1688 890 1887 980 signo
1936 888 2173 960 Crucis
2220 901 2463 958 contra
2515 889 2775 978 posit0,

226 982 570 1052 extinctus
618 995 720 1052 est
754 983 822 1051 in
864 982 1003 1051 ictu
1036 980 1246 1051 oculi.
1302 980 1521 1070 Igitur
1561 980 1772 1048 victor
1813 978 2057 1048 Minias
2092 978 2309 1047 libera
2348 977 2783 1066 proloquitur

229 1092 416 1151 voce,
471 1093 544 1140 se
581 1071 920 1141 confisum
973 1070 1040 1138 in
1097 1070 1374 1138 nomine
1417 1068 1709 1138 Domini,
1765 1067 1943 1137 feras
1996 1080 2061 1137 et
2122 1079 2459 1136 tormenta
2515 1088 2649 1135 non
2705 1069 2784 1135 ti·

231 1180 443 1228 mere.
498 1165 799 1249 Augetur
840 1159 1066 1247 itaque
1115 1158 1478 1228 saevientis
1529 1156 1733 1245 Regis
1781 1157 1880 1224 ira
1914 1167 1981 1224 et
2026 1155 2239 1234 furor,
2284 1154 2785 1245 multiplicatur

227 1247 564 1318 adversus
615 1254 938 1318 Sanctum
992 1247 1308 1318 fremitus
1353 1259 1418 1316 et
1465 1259 1728 1315 terror:
1783 1244 1896 1315 sed
1960 1244 2075 1314 ille
2113 1244 2429 1315 coelestia
2477 1257 2786 1314 contem-

233 1336 483 1427 plans,
546 1336 925 1407 immobilis
980 1336 1306 1407 columna
1368 1348 1643 1425 perstat.
1698 1333 1921 1403 Placet
1966 1356 2129 1424 ergo
2177 1332 2441 1404 crudeli
2496 1346 2784 1423 tyranno

229 1426 567 1515 suspendi
615 1448 773 1496 eum
824 1439 890 1494 et
936 1425 1234 1513 torqueri
1296 1424 1365 1493 in
1416 1424 1677 1503 eculeo,
1733 1423 2034 1509 dicitque
2084 1444 2157 1492 se
2215 1422 2509 1512 experiri
2560 1422 2777 1502 velle,

234 1536 402 1584 num
459 1521 654 1596 Deus,
709 1515 778 1584 in
828 1536 1035 1602 quem
1086 1512 1377 1583 credidit
1427 1512 1542 1581 ille
1572 1568 1588 1594 ‚
1642 1533 1715 1582 se
1762 1511 1999 1581 fortior
2038 1512 2148 1590 sit,
2203 1526 2324 1582 aut
2371 1510 2648 1581 tandem
2699 1510 2787 1580 de

227 1604 381 1674 suis
435 1604 755 1673 manibus
803 1626 883 1673 ac
932 1603 1172 1694 poenis
1205 1625 1361 1672 eum
1401 1601 1663 1682 liberet,
1706 1601 1771 1669 in
1809 1622 1947 1687 quo
1994 1599 2305 1670 confidit.
2344 1605 2483 1670 Non
2529 1600 2786 1671 veritus

227 1706 336 1762 est
384 1690 551 1762 baec
601 1693 845 1762 Minias
894 1692 1148 1762 athleta
1196 1691 1427 1760 fortis:
1481 1690 1646 1777 quia
1684 1688 2062 1760 recordatio
2099 1690 2433 1779 priorum,
2470 1701 2536 1758 et
2571 1689 2787 1759 virtus

231 1781 397 1860 Dei,
451 1782 572 1869 qui
635 1780 976 1852 mirabilis
1033 1793 1135 1850 est
1182 1780 1251 1848 in
1321 1780 1578 1850 sanctis
1644 1780 1841 1860 suiS‚
1900 1792 2136 1866 pectus
2196 1778 2351 1866 ejus
2416 1778 2779 1846 roboravit.

232 1870 615 1940 Adstrictus
662 1893 826 1960 ergo
876 1868 1230 1960 patibulo,
1285 1882 1349 1938 et
1396 1890 1571 1956 quae
1621 1867 1828 1937 suerit
1872 1867 2070 1956 ejuS,
2123 1889 2327 1953 quem
2386 1866 2782 1955 praedicat,

236 1960 583 2049 potentia,
656 1960 752 2029 sic
803 1960 1265 2048 interrogatus
1326 1957 1699 2028 disseruit:
1767 1961 2058 2037 «Jesu8‚
2114 1957 2317 2046 cujus
2358 1977 2630 2026 servum
2679 1977 2788 2024 me

230 2049 604 2129 confiteor,
657 2069 896 2117 caecos
946 2046 1412 2127 illuminavit,
1467 2045 1884 2135 paralyticos
1930 2046 2243 2125 curavit,
2295 2044 2582 2115 claudos
2630 2044 2790 2115 fecit

232 2137 621 2217 ambulare,
662 2136 966 2226 leprosos
1000 2134 1382 2215 mundavit,
1420 2133 1786 2204 daemonia
1813 2133 2038 2218 ejecit,
2075 2147 2382 2203 mortuos
2408 2133 2783 2213 suscitavit,

234 2225 322 2294 de
357 2227 548 2295 fluxu
589 2225 953 2316 sanguinis
985 2223 1344 2293 mulierem
1377 2222 1664 2303 sanavit,
1700 2222 1917 2291 ventis
1943 2222 2326 2311 imperavit,
2365 2243 2574 2312 super
2602 2244 2789 2292 mare

235 2314 442 2383 siccis
496 2313 788 2403 pedibus
830 2312 1234 2393 ambulavit,
1282 2310 1366 2381 de
1398 2311 1673 2381 duobus
1711 2310 2019 2401 piscibus
2050 2324 2116 2380 et
2145 2311 2452 2398 quinque
2490 2311 2789 2401 panibus

231 2402 547 2489 quinque
589 2402 948 2472 bominum
987 2400 1203 2470 millia
1240 2401 1594 2481 saturavit,
1633 2410 1699 2469 et
1729 2413 1806 2470 ut
1835 2399 1921 2469 ad
1955 2422 2303 2470 summam
2337 2399 2637 2481 redeam,
2670 2400 2788 2470 be-

237 2490 486 2561 neficia
534 2492 684 2579 ejus
734 2490 973 2561 nullus
1021 2511 1269 2561 sensus
1308 2488 1562 2560 sufficit
1594 2489 1959 2579 explicare.
1997 2512 2034 2557 »

328 2582 364 2667 ξ
412 2586 505 2651 θ.
560 2585 702 2649 Non
749 2580 904 2649 tulit
951 2579 1132 2649 ultra
1180 2578 1483 2650 crudelis
1530 2591 1871 2669 spectator
1920 2578 2299 2668 gloriosum
2351 2578 2639 2648 militem
2690 2591 2790 2649 te-

233 2668 642 2738 stimonium
705 2668 952 2738 Christi
1020 2682 1153 2738 tam
1217 2668 1431 2738 libero
1496 2690 1612 2739 ore
1663 2667 2112 2770 praeconari:
2181 2667 2293 2737 sed
2347 2665 2657 2757 deposito
2703 2666 2789 2736 de
2876 2739 2881 2745 ,

232 2756 496 2837 eculeo,
556 2757 939 2847 ligneisque
986 2759 1285 2828 verubus
1335 2770 1745 2846 praeacuuS,
1800 2758 1932 2826 sub
1980 2776 2253 2846 ungues
2300 2755 2451 2842 ejus
2498 2755 2731 2824 infixis
2766 2810 2781 2835 ,

227 2867 474 2916 omnes
505 2846 759 2936 digitos
805 2847 957 2935 ejus
1005 2847 1352 2937 praecepit
1402 2846 1749 2935 pertundi.
1804 2843 2066 2915 Gaudet
2102 2843 2466 2933 proeliator
2515 2844 2786 2913 Domini

233 2935 303 3004 in
358 2948 544 3005 tanto
590 2934 930 3015 cruciatu,
988 2936 1215 3005 sciens
1261 2936 1443 3023 quod
1498 2935 1856 3024 passiones
1905 2933 2118 3023 hujus
2173 2932 2499 3020 temporis
2546 2931 2789 3001 condi-

229 3045 410 3181 ἕαδε
461 3046 592 3093 non
649 3038 811 3096 sunt
858 3024 945 3094 ad
996 3024 1298 3103 futuram
1351 3024 1681 3115 gloriam.'
1726 3028 1921 3091 Facta
1963 3034 2071 3090 est
2097 3034 2324 3089 autem
2362 3042 2487 3091 vox
2520 3020 2782 3112 Angeli,

286 3112 528 3182 icentis
576 3112 668 3199 ad,
726 3135 936 3183 eum:
1000 3136 1037 3180 «
1080 3118 1412 3183 Constans
1469 3112 1716 3181 Minias
1780 3122 1976 3191 esto;
2027 3109 2191 3197 quia
2257 3110 2591 3180 Dominus
2650 3131 2782 3179 non

230 3200 666 3289 derelinquet
698 3213 761 3272 te
792 3202 862 3270 in
904 3203 1270 3272 tentatione
1304 3202 1452 3271 sine
1486 3199 1852 3290 adjutorio.
1882 3222 1918 3264 »
1968 3196 2298 3288 Apposuit
2347 3198 2590 3266 iterum
2629 3199 2787 3267 novi

236 3291 448 3360 minis
506 3290 838 3380 supplicii
888 3303 1315 3359 constantem
1386 3289 1609 3357 virum
1684 3302 2019 3376 tyrannus
2083 3287 2433 3356 territare:
2488 3286 2603 3356 sed
2673 3287 2787 3357 ille

234 3376 693 3447 fidentissime
741 3390 1177 3468 protestatur,
1236 3399 1594 3463 nunquam
1647 3398 1720 3446 se
1772 3377 2003 3446 minus
2054 3375 2316 3457 timere,
2368 3376 2537 3464 quia
2584 3376 2788 3446 sciret

238 3466 538 3534 maxime
581 3466 649 3534 in
704 3466 1147 3539 tribulatione
1194 3464 1437 3536 adesse
1497 3465 1764 3535 Domini
1821 3465 2390 3534 misericordiam.
2446 3471 2784 3534 Iuvanum

235 3552 664 3623 furibundus
712 3559 1092 3644 Imperator
1150 3554 1567 3645 proclamat:
1633 3577 1670 3621 «
1717 3560 1956 3625 Nostra
2014 3553 2271 3623 abeunt
2317 3554 2598 3633 studia;
2653 3554 2788 3623 nisi

233 3642 461 3713 altiori
512 3642 828 3729 juvemur
874 3643 1185 3734 ingenio,
1241 3665 1365 3714 nos
1415 3643 1706 3733 turpiter
1754 3643 1964 3713 victos
2017 3644 2276 3732 operiet
2323 3642 2663 3713 confusio.
2708 3647 2785 3711 In

235 3732 510 3822 magica
541 3744 707 3810 arte,
751 3754 889 3817 qua
929 3737 1101 3802 Deus
1134 3755 1306 3802 suus
1339 3745 1836 3803 tormentorum
1882 3732 2047 3801 hora
2081 3753 2239 3801 eum
2276 3731 2579 3811 instruit,
2620 3731 2786 3800 haec

229 3834 562 3923 operatur
609 3820 935 3890 ludibria.
990 3827 1280 3890 Fervens
1326 3833 1553 3890 autem
1608 3821 1977 3909 plumbum
2026 3821 2314 3889 auribus
2351 3821 2502 3909 ejus
2553 3818 2788 3888 infun-

230 3909 398 3991 dite,
438 3926 522 3980 ne
558 3931 789 3980 vocem
827 3910 940 3979 Dei
990 3910 1098 3979 sui
1151 3909 1489 3980 maleficia
1523 3911 1833 3980 docentis
1867 3908 2228 3979 admittere
2266 3909 2501 3999 possit.
2538 3932 2574 3974 »
2615 3909 2787 3978 Obe-

229 3999 434 4069 diunt
469 3998 793 4080 ministri,
828 3997 1194 4070 condolere
1225 4021 1295 4068 se
1330 3998 1571 4068 dicunt
1608 4011 1673 4068 et
1702 3998 2004 4087 compati
2037 3999 2187 4088 ejus
2236 3997 2780 4068 adolescentiae:

233 4100 514 4158 monent
545 4099 610 4158 et
641 4089 1091 4167 obtestantur,
1129 4100 1203 4157 ut
1233 4088 1368 4157 diis
1400 4087 1692 4157 credens
1723 4088 1961 4157 offerat
2007 4086 2371 4156 sacrificia.
2412 4086 2788 4176 Respondit

231 4180 553 4259 Sanctus,
606 4176 1076 4247 detestabilem
1129 4199 1278 4246 eam
1329 4198 1478 4248 esse
1525 4189 1806 4257 sectam,
1860 4176 2063 4266 cujus
2108 4175 2667 4247 observatoribus
2716 4173 2783 4243 id

232 4275 498 4335 tantum
550 4266 881 4335 debeatur
932 4266 1287 4345 mercedis,
1343 4279 1417 4334 ut
1450 4265 1599 4335 sine
1633 4266 1772 4333 fine
1805 4278 2130 4354 pereant;
2181 4277 2244 4333 et
2277 4265 2596 4355 expansis
2640 4286 2782 4333 ma-

232 4352 438 4424 nibus
486 4357 770 4427 orabat:
825 4378 861 4422 «
899 4355 1180 4425 Domine
1230 4359 1428 4433 Deus,
1486 4375 1571 4422 ne
1619 4354 1823 4445 longe
1862 4353 2077 4423 facias
2125 4353 2462 4423 auxilium
2516 4367 2709 4424 tuum
2745 4375 2786 4421 a

229 4463 364 4510 me.
419 4467 455 4510 »
504 4484 593 4495 —
643 4468 679 4512 «
731 4444 907 4528 Quid
978 4444 1185 4526 huic,
1238 4444 1334 4514 ait
1383 4443 1675 4526 DeciuS,
1730 4443 1996 4514 adstrui
2047 4455 2266 4535 potest
2329 4441 2786 4531 pertinaciae?
