3347 4999
213 338 383 405 OCT.
437 337 519 402 47
1094 356 1173 402 m:
1223 356 1275 403 s.
1330 354 1623 401 nssnwma
1671 354 1863 401 vmuA
2518 338 2646 402 489

211 439 382 511 illud
437 440 659 530 magis
699 439 1056 530 magisque
1108 461 1525 529 promovere,
1579 451 1642 508 et
1684 450 1961 529 propter
1994 439 2336 508 Christum
2395 461 2730 527 pauperes

212 529 574 599 consolari.
628 531 907 598 Interim
955 542 1175 597 tamen
1230 529 1296 597 in
1352 529 1764 597 monasterio
1817 549 2127 607 manenS,
2171 528 2237 595 in
2275 527 2611 597 servando
2644 529 2734 597 si-

211 618 418 688 lentio
452 617 740 704 aliisque
778 616 1170 687 monasterii
1224 617 1552 686 institutis
1587 629 1650 685 et
1698 616 1989 706 legibuS,
2054 628 2118 686 et
2166 616 2339 684 vitae
2373 616 2734 705 asperitate

211 707 587 777 monachas
613 728 851 775 omnes
884 706 1206 776 anteibat.
1245 711 1384 776 Non
1419 717 1769 775 estautem
1813 705 2084 775 silentio
2122 704 2725 794 praetereundum,

205 795 772 885 quandoquidem
839 794 922 864 de
983 795 1270 864 vestium
1344 796 1492 881 eJus
1557 793 1946 863 humilitate
1984 794 2127 883 jam
2179 791 2513 880 quaedam
2564 792 2738 861 dixi-

205 907 390 965 muS,
435 907 508 953 ve
551 885 911 953 timentum
963 905 1215 953 novum
1268 882 1803 970 haudquaquam
1856 881 2044 951 illam
2083 881 2367 951 induere
2402 879 2722 960 voluisse,

204 974 345 1043 nisi
394 974 493 1062 pri
553 996 584 1042 s
633 972 765 1042 alia
813 994 849 1041 e
881 973 1222 1054 sociabuS,
1260 992 1339 1040 eo
1394 994 1522 1041 usa
1559 983 1758 1052 esset,
1804 982 2006 1058 atque
2047 970 2362 1040 nonnihil
2414 969 2581 1038 illud
2622 968 2735 1039 de-

205 1062 527 1132 trivisset.
567 1061 914 1132 Interdum
953 1083 1170 1148 usque
1210 1082 1313 1142 eo,
1371 1059 1779 1130 humilitatis
1843 1062 2089 1141 causa,
2131 1071 2379 1130 vestem
2431 1057 2731 1146 aliquam

202 1151 488 1233 ferebat,
555 1164 628 1220 ut
674 1152 818 1241 jam
883 1150 1177 1220 stamina
1226 1149 1293 1217 in
1345 1171 1420 1217 ea
1473 1150 1832 1251 perspicue
1881 1159 2308 1238 apparerent.
2384 1152 2548 1217 Cum
2608 1146 2736 1215 ali-

202 1240 487 1327 quando
546 1261 735 1309 soror
802 1239 1138 1326 quaedam
1205 1240 1268 1307 ei
1322 1237 1685 1308 familiaris
1739 1236 2016 1307 vidisset
2062 1237 2289 1306 attrito
2353 1234 2729 1305 admodum

203 1328 421 1419 pallio
468 1350 614 1397 eam
665 1341 993 1409 utentem,
1047 1328 1140 1396 ait
1187 1327 1271 1395 ad
1322 1348 1470 1395 eam
1504 1350 1518 1395 :
1558 1349 1594 1393 «
1625 1326 2114 1413 Usqueadeone
2155 1325 2443 1394 delectat
2499 1336 2581 1399 te.
2613 1325 2735 1392 do-

203 1418 423 1497 mina,
463 1417 669 1506 hujus
719 1416 908 1506 pallii
955 1419 1159 1486 usus?
1209 1416 1365 1484 Sine
1416 1437 1544 1496 me,
1576 1416 1880 1496 obsecre,
1920 1413 2185 1484 auferre
2235 1413 2432 1493 illud,
2477 1425 2541 1482 et
2571 1412 2733 1481 dare

204 1506 523 1597 pauperi.
566 1529 603 1572 »
653 1505 1027 1595 Respondit
1078 1505 1193 1573 illa
1230 1504 1482 1573 blande
1529 1515 1594 1573 et
1640 1504 1960 1585 suaviter,
1999 1515 2074 1573 ut
2117 1514 2262 1572 crat
2296 1502 2478 1573 mitis
2510 1513 2574 1570 et
2604 1501 2735 1571 hu-

209 1594 436 1663 milis:
477 1616 512 1660 «
552 1594 617 1663 Si
668 1607 729 1663 te
776 1594 1058 1663 offendit
1105 1593 1272 1661 haec
1323 1614 1468 1674 res,
1524 1592 1718 1662 ocius
1768 1614 1874 1660 me
1939 1592 2276 1682 corrigam
2310 1614 2325 1672 ;
2360 1614 2395 1657 »
2448 1611 2735 1676 moxque

204 1682 398 1752 aliud
457 1682 738 1772 pallium
783 1683 913 1752 sibi
962 1703 1423 1772 comparans,
1483 1680 1804 1751 detritum
1870 1680 2037 1749 illud
2082 1680 2355 1760 amovit,
2418 1678 2545 1749 hoc
2592 1699 2733 1748 uno

204 1773 386 1841 facto
449 1773 800 1862 geminum
855 1783 1207 1862 praestans
1259 1769 1670 1839 humilitatis
1732 1768 2084 1849 officium,
2148 1767 2426 1856 quando
2489 1766 2735 1837 Christi

204 1883 420 1932 causa
469 1883 602 1930 non
643 1861 920 1930 erubuit
967 1859 1081 1928 vili
1131 1859 1531 1928 vestimento
1580 1858 1818 1939 indui,
1870 1871 1933 1928 et
1995 1858 2079 1927 ad
2129 1856 2729 1928 commonitionem

207 1950 341 2018 sim
356 1949 553 2038 plicis
575 1949 826 2019 sororis
853 1948 1023 2017 illud
1049 1949 1275 2037 ipsum
1305 1948 1612 2018 celeriter
1640 1946 1993 2037 deposuit:
2022 1946 2229 2016 simul
2252 1946 2453 2015 etiam
2480 1966 2559 2014 eo
2587 1946 2735 2034 ipso

257 2036 560 2107 raeclare
598 2038 874 2118 docenS,
914 2038 1161 2107 debere
1189 2037 1536 2106 hominem
1593 2035 1882 2105 libenter
1911 2035 2266 2105 admittere
2315 2056 2483 2105 sana
2516 2035 2738 2105 consi-

232 2127 321 2204 ia‚
378 2138 441 2195 et
490 2127 558 2194 in
611 2148 734 2196 suo
783 2148 992 2196 sensu
1038 2137 1101 2195 et
1149 2125 1484 2194 sententia
1518 2125 2054 2211 haudquaquam
2104 2145 2251 2194 esse
2291 2123 2728 2214 pertinacem.

292 2215 334 2300 ξ
381 2218 462 2286 8.
504 2213 772 2286 Solebat
799 2216 1004 2285 etiam
1041 2216 1207 2283 haec
1241 2213 1484 2283 Christi
1522 2213 1779 2282 famula
1830 2213 1914 2282 de
1949 2234 2020 2282 se
2058 2234 2331 2303 semper
2369 2212 2612 2290 viliter,
2653 2209 2737 2279 de

200 2302 366 2372 aliis
394 2303 805 2384 sublimiter,
837 2303 1110 2373 sentire.
1150 2308 1313 2372 Nam
1354 2301 1762 2389 squudicio
1791 2323 1922 2372 non
1954 2313 2097 2371 erat
2129 2302 2276 2392 ipsa
2312 2300 2500 2370 aliud
2525 2321 2731 2387 quam

199 2393 570 2482 peccatrix,
616 2392 770 2462 licet
819 2413 1049 2461 revera
1097 2391 1554 2461 conscientiae
1603 2391 1896 2481 puritate
1928 2412 2158 2460 coram
2206 2396 2333 2461 Deo
2368 2402 2431 2459 et
2464 2388 2738 2480 Angelis

199 2479 361 2569 ejus
411 2503 526 2551 vas
565 2493 741 2552 esset
788 2481 975 2550 omni
1018 2480 1373 2551 sanctitate
1424 2480 1732 2570 plenum,
1768 2491 1831 2549 et
1864 2501 2092 2550 coram
2131 2479 2531 2549 bominibus
2561 2477 2734 2567 opti-

201 2569 343 2639 mis
376 2571 550 2640 vitae
596 2570 926 2660 exemplis
973 2570 1240 2640 illustre
1289 2591 1436 2638 sese
1483 2568 1842 2660 speculum
1887 2569 2255 2638 exhiberet.
2295 2568 2732 2637 Sanctitatem

199 2658 444 2749 igitur,
495 2680 630 2746 qua
681 2681 750 2730 se
784 2659 1178 2728 destitutam
1234 2657 1536 2746 putabat,
1594 2659 1662 2726 in
1716 2658 1893 2738 aliis,
1933 2679 2107 2745 quos
2140 2658 2355 2728 bonos
2387 2655 2729 2733 credebat,

198 2747 386 2817 miro
432 2748 729 2838 quodam
774 2747 1003 2817 studio
1064 2759 1128 2818 et
1187 2747 1431 2816 affectu
1472 2746 1818 2836 amplecti,
1858 2758 1923 2816 et
1981 2746 2480 2815 ferventissima
2519 2743 2737 2812 animi

198 2837 563 2906 devotione
624 2837 876 2906 imitari
941 2858 1076 2905 non
1144 2835 1423 2905 destitit.
1500 2840 1573 2905 In
1655 2834 1906 2925 s‘piritu
1960 2836 2141 2903 enim
2207 2832 2613 2903 humilitatis
2672 2842 2737 2900 et

199 2925 443 2996 animo
491 2926 781 2995 contrito
827 2948 905 2995 ea
956 2926 1127 3005 loca,
1185 2926 1255 2994 in
1303 2925 1558 3011 quibus
1607 2937 1863 2994 stantes
1912 2934 2030 2993 aut
2090 2933 2444 3012 precantes
2479 2920 2738 2989 viderat

199 3013 528 3084 homines
585 3014 966 3104 religiOSOS,
1031 3015 1129 3084 vel
1183 3036 1304 3104 pro
1368 3035 1491 3084 suo
1530 3013 1797 3102 judicio
1846 3012 2085 3092 bonos,
2130 3032 2286 3079 cum
2339 3021 2516 3079 esset
2575 3007 2733 3077 data

195 3103 708 3193 opportunitas,
753 3104 823 3172 in
865 3125 1090 3193 genua
1125 3102 1480 3171 humiliter
1514 3123 1585 3171 se
1634 3101 2070 3180 submittenS,
2126 3098 2328 3168 labiis
2376 3097 2735 3187 impressis

195 3189 777 3262 exosculabatur:
825 3192 1174 3262 sororibus
1223 3211 1493 3278 quoque
1540 3188 2086 3267 comedentibuS,
2146 3188 2212 3256 in
2264 3185 2470 3255 choro
2503 3185 2736 3255 adibat

197 3282 379 3359 loca,
434 3280 501 3347 in
546 3280 801 3366 quibus
834 3280 993 3349 illae
1040 3292 1217 3350 stare
1267 3278 1600 3359 solebant,
1653 3290 1717 3346 et
1766 3276 2062 3366 singulis
2110 3276 2344 3345 oscula
2387 3275 2727 3365 affige-bat.

191 3375 515 3454 Itemque
554 3368 635 3437 ad
687 3367 1165 3438 dormitorium
1216 3389 1452 3436 earum
1505 3366 1923 3444 ascendens,
1977 3386 2216 3434 omnes
2265 3363 2563 3456 gradus,
2613 3385 2732 3453 per

192 3478 380 3547 quos
429 3455 587 3525 illae
634 3456 1132 3540 ascendebant,
1187 3454 1480 3525 scabella
1543 3476 1813 3542 quoque
1862 3466 2017 3524 ante
2081 3454 2287 3524 lectos
2334 3475 2568 3522 earum
2622 3474 2738 3542 po-

197 3548 362 3625 sita,
417 3557 619 3631 atque
669 3546 854 3635 ipsas
901 3547 1101 3614 etiam
1157 3544 1404 3635 virgas,
1459 3543 1716 3630 quibus
1762 3542 2105 3613 dabantur
2151 3542 2250 3612 eis
2298 3542 2469 3613 disci
2527 3541 2729 3622 linae,

195 3649 281 3707 ut
335 3646 617 3714 vocant,
674 3634 845 3702 mira
910 3633 1297 3703 humilitate
1364 3654 1440 3702 ex
1489 3633 1707 3701 animi
1757 3631 2111 3702 devotione
2159 3630 2476 3700 exoscula
2527 3641 2730 3699 atur:

197 3723 468 3824 quippe
515 3743 691 3810 quae
737 3734 1050 3792 sanctum
1104 3732 1412 3812 putaret,
1466 3721 1793 3809 quicquid
1847 3721 2223 3812 tetigissent
2268 3719 2426 3789 illae
2483 3718 2736 3788 sancti-

199 3811 569 3891 moniales,
622 3821 686 3880 et
733 3831 972 3881 omnes
1023 3810 1307 3880 Domino
1356 3810 1747 3880 servientes,
1792 3815 2026 3898 Itaque
2063 3806 2244 3896 quod
2297 3807 2397 3877 illi
2451 3829 2571 3898 pro
2613 3827 2736 3877 suo

198 3924 346 3973 usu
398 3902 801 3980 tractabant,
854 3899 922 3968 id
973 3899 1087 3968 illa
1132 3908 1510 3969 reverenter
1556 3898 2121 3969 deosculabatur:
2175 3908 2251 3965 ut
2297 3898 2631 3967 bonorum
2673 3905 2739 3963 et

189 3992 548 4090 justorum
603 3988 988 4070 hominum,
1031 4010 1203 4076 quos
1251 3989 1321 4057 in
1374 3989 1579 4057 rebus
1628 3988 2024 4058 inanimatis
2072 3986 2544 4064 venerabatur,
2601 4004 2734 4052 me-

203 4090 363 4147 ritis
425 4091 490 4147 et
552 4089 988 4169 peccatorum
1061 4077 1377 4159 veniam,
1428 4088 1492 4146 et
1539 4077 1798 4167 gratiae
1846 4077 2265 4145 incrementa
2313 4075 2729 4163 impetraret.

199 4171 436 4252 Neque
488 4178 743 4256 poterat
789 4167 956 4237 haec
1003 4165 1400 4252 quotidiana
1449 4164 1862 4235 humilitatis
1898 4163 2283 4235 exercitatio
2328 4164 2586 4249 absque
2619 4161 2736 4231 ad-

200 4254 522 4324 miranda
575 4256 917 4326 interioris
966 4254 1268 4324 hominis
1314 4255 1646 4325 suavitate
1688 4254 1857 4324 fleri.
1900 4259 1980 4323 Ut
2020 4274 2174 4322 vero
2223 4252 2578 4329 Dominus,
2612 4249 2734 4337 qui

197 4343 274 4411 in
329 4343 700 4413 orationem
756 4344 1128 4414 humilium
1182 4342 1482 4433 respicit,
1536 4365 1691 4413 eam
1737 4342 2156 4433 praevenerit
2202 4341 2271 4410 in
2322 4337 2735 4410 benedictio·

197 4428 419 4500 nibus
468 4432 877 4514 dulcediniS‚
929 4454 1009 4502 ex
1058 4432 1366 4520 sequenti
1413 4432 1725 4523 exemplo
1771 4433 2131 4502 aestimare
2180 4429 2430 4500 licebit.
