3347 4999
635 343 765 408 204
1305 359 1383 404 οε
1417 357 1506 404 ss.
1549 357 1810 405 amcino
1859 358 1933 404 ΕΤ
1982 354 2182 404 sociis
2218 357 2332 403 un.
2829 339 3003 405 OCT.
3055 342 3099 404 5

544 458 707 517 sunt
755 458 982 515 autem
1036 444 1203 512 haec
1251 442 1766 532 dispensatione
1809 444 1947 521 Dei,
2003 463 2164 510 nam
2221 441 2370 510 ideo
2435 441 2870 511 Mamucham
2939 465 3100 512 cru·

543 534 977 604 delissimum
1031 531 1576 601 Christianorum
1622 545 2156 620 persecutorem,
2211 544 2276 599 et
2318 529 2652 600 violentae
2704 531 2888 600 vocis
2937 554 3101 600 ven-

546 636 798 703 tosum,
870 621 1373 711 surreptionem
1407 674 1422 701 ,
1479 633 1947 710 tempestatem
1986 675 2001 700 ‚
2057 620 2322 689 luctum
2376 632 2580 706 atque
2629 620 3099 689 turbationem

544 712 626 782 ad
682 711 805 779 has
856 723 1083 800 partes
1134 710 1362 778 venire
1415 711 1749 798 permisit,
1789 723 1866 779 ut
1914 708 2234 777 Placidus
2283 729 2441 777 curn
2487 708 2817 777 fratribus
2865 722 2931 777 et
2977 709 3090 778 di-

542 799 832 890 scipulis
866 799 1013 869 suis
1065 800 1391 888 martyrio
1438 812 1958 868 coronarentur.
2014 798 2427 887 Dirumpens
2479 798 2692 887 igitur
2732 798 3095 868 vinculum

543 889 881 980 ligaturae
926 889 1236 977 corporis
1270 908 1457 967 suae,
1515 908 1637 977 per
1687 887 1950 956 medios
1997 886 2250 956 fluctus
2302 888 2474 956 vitae
2525 889 2927 977 praesentis,
2982 909 3101 957 vo-

545 978 709 1048 lavit
752 979 816 1045 in
870 976 1005 1045 alta
1040 977 1417 1046 coelorum.
1463 999 1501 1041 »

633 1069 669 1149 ξ
721 1069 868 1137 ²8.
925 1070 1000 1134 In
1054 1065 1309 1134 talibus
1357 1066 1468 1134 die
1515 1064 1830 1144 decurso,
1867 1063 2249 1153 Episcopus
2286 1085 2445 1133 cum
2502 1063 2948 1134 multitudine
2976 1086 3095 1153 po-

546 1155 717 1245 puli,
771 1176 948 1241 quae
981 1176 1136 1223 cum
1180 1175 1258 1222 eo
1300 1165 1597 1233 venerat,
1652 1152 2066 1223 deosculans
2115 1166 2433 1222 sanctum
2495 1153 2894 1243 sepulcrum
2924 1208 2940 1232 ‚
2996 1175 3099 1222 re-

545 1245 749 1313 cessit
783 1243 868 1311 ad
920 1265 1069 1312 sua.
1117 1242 1593 1312 Anniversario
1648 1255 1877 1311 autem
1945 1242 2288 1331 passionis
2339 1240 2450 1311 die
2500 1243 2677 1312 beati
2729 1241 3101 1322 Placidiet

545 1333 1091 1421 sociorum,ejus
1140 1331 1566 1409 adveniente,
1608 1331 1810 1400 turba
1861 1331 2076 1400 multa
2125 1353 2283 1400 cum
2320 1332 2536 1399 cereis
2578 1343 2642 1400 et
2692 1331 3102 1420 thymiama·

546 1423 731 1492 tibus
770 1421 854 1490 ad
906 1421 1326 1490 sanctissimi
1376 1419 1637 1489 Placidi
1688 1420 2011 1508 martyris
2058 1433 2122 1489 et
2172 1420 2516 1489 sociorum
2567 1419 2718 1505 ejus
2777 1420 3102 1508 sepulcra

547 1510 1052 1591 convenienteS,
1107 1509 1217 1578 die
1258 1523 1602 1596 noctuque
1641 1509 1727 1576 ad
1776 1509 1931 1595 ejus
1981 1509 2308 1579 honorem
2371 1508 2811 1598 persistentes
2872 1509 2939 1577 in
2990 1530 3103 1578 ec-

542 1600 776 1678 clesia,
817 1600 1103 1668 Domino
1152 1597 1394 1668 laudes
1441 1596 1922 1677 decantabant,
1962 1619 2202 1666 omnes
2251 1599 2535 1684 inquam
2577 1598 3092 1678 convenientes,

546 1711 586 1757 a
634 1689 800 1756 viris
845 1709 1068 1774 usque
1105 1686 1189 1756 ad
1237 1687 1561 1756 mulieres
1599 1698 1662 1755 et
1694 1685 2014 1764 infantes,
2060 1685 2441 1755 oblationes
2473 1699 2538 1755 et
2589 1701 2739 1756 vota
2782 1686 3102 1776 regaliter

544 1789 1075 1878 comportantes.
1131 1775 1495 1865 Oportebat
1540 1775 1724 1843 enim
1778 1788 2083 1844 sanctam
2143 1774 2573 1845 festivitatem
2625 1774 2975 1844 celebrare
3026 1776 3097 1844 in

545 1866 812 1936 lumine
860 1865 1207 1944 scientiae,
1262 1877 1329 1933 et
1375 1863 1729 1933 intellectu
1776 1863 2168 1952 splendoris
2211 1864 2545 1953 populum
2583 1863 2946 1933 adornare.
2976 1865 3098 1934 His

547 1977 820 2043 quoque
857 1954 1282 2042 temporibus
1338 1953 1780 2023 beatissimus
1830 1966 2021 2042 pater
2072 1952 2482 2023 Benedictus
2533 1953 2780 2043 plenus
2831 1954 3098 2023 virtuti-

545 2045 681 2114 bus
720 2056 784 2112 et
818 2042 1198 2121 sanctitate,
1253 2041 1541 2111 feliciter
1580 2041 1901 2131 migravit
1949 2041 2032 2111 ad
2090 2043 2484 2122 Dominum,
2528 2048 2716 2111 Anno
2743 2043 2940 2111 Verbi
2991 2043 3104 2110 in-

543 2133 807 2202 carnati
837 2129 1678 2221 quadragesimosecundo
1716 2152 1797 2199 ac
1826 2131 2384 2220 quingentesimo
2404 2131 2461 2210 ⁴,
2493 2153 2653 2199 cum
2686 2130 3097 2220 praefuisset

545 2222 615 2290 in
670 2220 1098 2291 cassinensis
1146 2220 1458 2289 coenobii
1508 2219 1846 2309 regimine
1886 2222 2092 2287 annis
2127 2219 2695 2306 quatuordecim,
2754 2219 3101 2308 sepultus·

543 2331 678 2396 que
724 2322 826 2378 est
874 2308 1129 2377 ibidem
1164 2321 1322 2378 ante
1361 2331 1552 2377 aram
1589 2309 1809 2376 sancti
1851 2308 2190 2398 Baptistae
2227 2309 2549 2378 Joannis.
2596 2308 2767 2377 Huic
2810 2311 3102 2378 sanctis-

545 2399 721 2467 simo
786 2398 962 2487 patri
1035 2412 1315 2468 sanctus
1383 2418 1559 2487 papa
1606 2396 1899 2487 Vigilius
1967 2419 2087 2486 per
2154 2397 2592 2487 privilegium
2660 2397 3099 2468 confirmavit

546 2508 786 2556 omnes
833 2499 1054 2557 cortes
1102 2510 1182 2557 ac
1214 2486 1706 2577 possessioneS,
1759 2509 1935 2573 quas
1983 2486 2326 2557 Tertullus
2379 2487 2705 2577 patricius
2745 2487 2813 2555 in
2859 2487 3096 2558 Sicilia

544 2576 607 2644 ei
657 2575 1017 2645 obtulerat.
1072 2577 1145 2644 Id
1201 2577 1431 2665 ipsum
1470 2575 1781 2645 fecerunt
1830 2597 2264 2647 successores
2310 2577 2483 2662 ejus,
2528 2597 2808 2649 numero
2850 2581 2960 2644 49.

635 2667 671 2752 ξ
723 2668 885 2736 ²9.
943 2664 1065 2733 His
1114 2664 1339 2734 taliter
1396 2664 1746 2735 succincte
1795 2663 2049 2746 libatiS,
2107 2665 2272 2752 quid
2335 2665 2719 2734 Gordianus
2770 2666 3095 2752 martyris

546 2753 807 2823 Placidi
857 2753 1166 2825 famulus
1213 2755 1451 2844 egerit,
1504 2752 1843 2843 opusculo
1900 2755 2239 2844 praesenti
2292 2753 2665 2823 tradamus.
2720 2758 3093 2839 Postquam

544 2844 730 2912 enim
782 2843 962 2911 idem
1026 2843 1417 2912 Gordianus
1465 2856 1864 2913 sanctorum
1918 2848 2293 2929 Martyrum
2343 2864 2626 2932 corpora
2674 2842 2955 2912 tradidit
2985 2865 3096 2913 se-

542 2930 890 3032 pulturae,
943 2932 1112 3018 quid
1162 2931 1432 3012 faceret,
1488 2931 1589 2999 vel
1639 2930 1811 3018 quid
1860 2931 2112 3000 diceret
2166 2931 2535 3001 nesciebat.
2585 2930 2856 3001 Dicebat
2902 2932 3090 3001 enim

545 3033 726 3090 intra
778 3043 890 3090 se:
947 3022 1009 3090 Si
1064 3022 1176 3090 hic
1228 3041 1571 3103 maneam,
1618 3018 1796 3089 nihil
1836 3018 2018 3089 ultra
2069 3018 2454 3107 proficiam;
2507 3020 2562 3089 si
2589 3019 2673 3087 ad
2727 3020 3092 3090 Cassinum

546 3109 774 3179 redire
796 3110 1416 3190 voluero,‘omnino
1448 3106 1879 3199 impossibile
1915 3108 2087 3177 mihi
2124 3107 2424 3179 videtur:
2462 3109 2595 3178 scfo
2621 3108 2803 3177 enim
2831 3122 3095 3196 quanta

543 3198 855 3288 pericula
892 3199 960 3267 in
1011 3209 1198 3267 tanto
1248 3198 1491 3267 itinere
1541 3197 1713 3265 mihi
1763 3197 2193 3266 incumbant.
2256 3202 2436 3267 Haec
2485 3198 2647 3266 dum
2696 3219 2931 3267 secum
2984 3210 3092 3267 ta-

543 3287 724 3355 citus
774 3286 1091 3365 volveret,
1142 3285 1321 3355 beati
1358 3285 1615 3354 Placidi
1665 3297 1731 3354 et
1781 3286 2134 3355 Sociorum
2185 3286 2337 3376 ejus
2387 3286 2785 3377 suffragium
2842 3286 3090 3357 diebus

545 3396 624 3443 ac
677 3375 995 3443 noctibus
1042 3373 1367 3443 exorabat
1422 3373 1771 3444 attentius.
1841 3378 2098 3456 Quarta
2162 3376 2421 3445 interea
2468 3376 2570 3445 die
2629 3374 3077 3454 adveniente,
3127 3424 3132 3427 -

545 3462 745 3532 valde
791 3461 1102 3553 diluculo
1153 3463 1347 3532 navis
1395 3462 2000 3552 Neapolitanorum
2049 3463 2397 3535 mercibus
2444 3477 2705 3546 onusta,
2764 3464 2831 3532 in
2883 3476 3089 3556 portu

546 3557 898 3621 Messanae
945 3551 1242 3620 civitatis
1289 3551 1583 3631 devenit,
1657 3550 2294 3641 descendentesque
2352 3552 2656 3623 nonnulli
2709 3575 2945 3623 eorum
2995 3553 3088 3623 ad

544 3654 821 3721 terram,
879 3640 1102 3709 sancti
1147 3640 1447 3708 Joannis
1493 3641 1857 3729 Baptistae,
1890 3642 1959 3710 in
2003 3664 2144 3729 qua
2190 3654 2473 3712 sanctus
2524 3643 2783 3713 Domini
2824 3656 3089 3733 martyr

546 3727 868 3799 Placidus
915 3749 1075 3796 cum
1130 3729 1345 3798 Sociis
1415 3729 1561 3798 suis
1630 3730 1945 3820 sepultus
1991 3745 2158 3811 erat,
2221 3730 2570 3823 ecclesian
2636 3732 3082 3801 devenerunt.

548 3821 733 3900 Quos
782 3817 1174 3888 Gordianus
1209 3817 1625 3907 adspicienS,
1673 3834 1828 3909 post
1852 3820 2291 3890 salutationis
2321 3818 2539 3889 officia
2574 3820 2930 3891 osculatus
2959 3834 3084 3901 est,

548 3929 629 3975 ac
663 3906 913 3975 deinde
965 3919 1402 3995 percontatus
1450 3920 1552 3977 est
1599 3930 1739 3989 eos,
1793 3909 2076 3978 dicens:
2131 3931 2167 3976 «
2202 3910 2332 3991 Qui
2380 3910 2555 3984 estis,
2608 3909 2709 3978 vel
2760 3910 2973 3991 unde,
3026 3921 3093 3978 et

544 4017 683 4083 quo
747 3995 1026 4065 tenditis
1076 3997 1250 4066 iter?
1291 4018 1326 4062 »
1380 4001 1550 4066 Tum
1602 3997 1744 4066 illi:
1784 3998 2211 4088 Neapolitani
2257 3998 2637 4087 (inquiunt)
2684 4020 2972 4081 sumus,
3026 4010 3094 4068 et

546 4106 796 4155 cursus
846 4092 1078 4154 noster
1141 4086 1806 4176 Constantinopolim
1860 4086 2099 4156 tendit.
2154 4086 2542 4159 Gordianus
2578 4109 2734 4157 vero
2784 4086 2949 4157 talia
3004 4087 3092 4156 ab

550 4175 651 4243 eis
697 4173 865 4243 dum
916 4176 1123 4245 verba
1187 4174 1517 4256 audisset,
1584 4174 1841 4265 gaudio
1890 4174 2156 4266 ingenti
2221 4176 2543 4262 perfusus
2591 4190 2728 4256 est,
2795 4176 3096 4263 datoque

550 4261 783 4343 naulo,
816 4263 885 4331 in
914 4284 1153 4333 eorum
1189 4263 1342 4331 navi
1378 4262 1803 4343 conscendit,
1845 4263 2391 4353 longissimaque
2426 4266 2624 4335 maris
2649 4266 2899 4335 itinera
2928 4287 3093 4334 cum

551 4351 652 4420 eis
701 4352 1152 4424 transfretans
1187 4406 1203 4433 ,
1284 4350 2113 4441 Constantinopolitanam
2186 4354 2497 4444 pervenit
2556 4353 2631 4422 ad
2682 4354 2964 4435 urbem,
3021 4353 3093 4421 in

598 4477 625 4504 *
652 4478 851 4519 Bae-ttae.
872 4478 1062 4519 Patrem
1080 4474 1391 4519 Benedictum
1411 4477 1469 4517 ab
1490 4474 1596 4518 altis
1617 4477 1828 4519 traditur
1847 4475 2021 4519 obiisse
2043 4487 2163 4518 anno
2185 4480 2274 4519 648.
