<?xml version="1.0" encoding="UTF-8"?>
<!DOCTYPE html PUBLIC "-//W3C//DTD XHTML 1.0 Transitional//EN"
    "http://www.w3.org/TR/xhtml1/DTD/xhtml1-transitional.dtd">
<html xmlns="http://www.w3.org/1999/xhtml" xml:lang="en" lang="en">
 <head>
  <title>
</title>
<meta http-equiv="Content-Type" content="text/html;charset=utf-8" />
  <meta name='ocr-system' content='tesseract 3.04.00' />
  <meta name='ocr-capabilities' content='ocr_page ocr_carea ocr_par ocr_line ocrx_word'/>
</head>
<body>
  <div class='ocr_page' id='page_1' title='image "./historiaeseuvit03lippgoog_0904.png"; bbox 0 0 3347 4999; ppageno 0'>
   <div class='ocr_carea' id='block_1_1' title="bbox 762 348 3134 417">
    <p class='ocr_par' dir='ltr' id='par_1_1' title="bbox 762 348 3134 417">
     <span class='ocr_line' id='line_1_1' title="bbox 762 348 3134 417; baseline 0.002 -5"><span class='ocrx_word' id='word_1_1' title='bbox 762 348 889 414; x_wconf 71' lang='lat'>742</span> <span class='ocrx_word' id='word_1_2' title='bbox 1420 366 1498 413; x_wconf 73' lang='lat' dir='ltr'>nn</span> <span class='ocrx_word' id='word_1_3' title='bbox 1546 366 1602 414; x_wconf 78' lang='lat' dir='ltr'>s,</span> <span class='ocrx_word' id='word_1_4' title='bbox 1654 365 1959 415; x_wconf 73' lang='lat' dir='ltr'>NARCISSO</span> <span class='ocrx_word' id='word_1_5' title='bbox 2006 368 2105 414; x_wconf 67' lang='lat' dir='ltr'>nr.</span> <span class='ocrx_word' id='word_1_6' title='bbox 2149 364 2441 416; x_wconf 68' lang='lat' dir='ltr'>mosot.</span> <span class='ocrx_word' id='word_1_7' title='bbox 2881 350 3031 417; x_wconf 82' lang='lat' dir='ltr'>OCT.</span> <span class='ocrx_word' id='word_1_8' title='bbox 3071 353 3134 416; x_wconf 69' lang='lat'>29</span> 
     </span>
    </p>
   </div>
   <div class='ocr_carea' id='block_1_2' title="bbox 669 448 3257 3292">
    <p class='ocr_par' dir='ltr' id='par_1_2' title="bbox 669 448 3143 1321">
     <span class='ocr_line' id='line_1_2' title="bbox 674 448 3136 544; baseline 0.001 -24"><span class='ocrx_word' id='word_1_9' title='bbox 674 450 1076 530; x_wconf 88' lang='lat' dir='ltr'>certamina,</span> <span class='ocrx_word' id='word_1_10' title='bbox 1130 470 1253 540; x_wconf 90' lang='lat' dir='ltr'>pro</span> <span class='ocrx_word' id='word_1_11' title='bbox 1302 448 1459 519; x_wconf 86' lang='lat' dir='ltr'>fidei</span> <span class='ocrx_word' id='word_1_12' title='bbox 1510 449 1941 521; x_wconf 86' lang='lat' dir='ltr'>confessione</span> <span class='ocrx_word' id='word_1_13' title='bbox 1980 465 2323 542; x_wconf 86' lang='lat' dir='ltr'>suscepta,</span> <span class='ocrx_word' id='word_1_14' title='bbox 2375 464 2602 522; x_wconf 79' lang='lat' dir='ltr'><strong>essent</strong></span> <span class='ocrx_word' id='word_1_15' title='bbox 2650 453 2883 544; x_wconf 80' lang='lat' dir='ltr'><strong>integri</strong></span> <span class='ocrx_word' id='word_1_16' title='bbox 2912 466 2969 523; x_wconf 92' lang='lat' dir='ltr'>et</span> <span class='ocrx_word' id='word_1_17' title='bbox 2993 454 3136 523; x_wconf 85' lang='lat' dir='ltr'>inco-</span> 
     </span>
     <span class='ocr_line' id='line_1_3' title="bbox 677 538 3136 629; baseline 0.001 -21"><span class='ocrx_word' id='word_1_18' title='bbox 677 539 901 610; x_wconf 88' lang='lat' dir='ltr'>lumes</span> <span class='ocrx_word' id='word_1_19' title='bbox 947 538 1181 608; x_wconf 72' lang='lat' dir='ltr'>divina</span> <span class='ocrx_word' id='word_1_20' title='bbox 1252 538 1680 628; x_wconf 70' lang='lat' dir='ltr'>providentia</span> <span class='ocrx_word' id='word_1_21' title='bbox 1750 538 2041 622; x_wconf 88' lang='lat' dir='ltr'>servati,</span> <span class='ocrx_word' id='word_1_22' title='bbox 2108 541 2385 610; x_wconf 90' lang='lat' dir='ltr'>nomine</span> <span class='ocrx_word' id='word_1_23' title='bbox 2430 540 2803 610; x_wconf 79' lang='lat' dir='ltr'>Alexander</span> <span class='ocrx_word' id='word_1_24' title='bbox 2843 541 2921 621; x_wconf 73' lang='lat'>⁴¹,</span> <span class='ocrx_word' id='word_1_25' title='bbox 2975 563 3136 629; x_wconf 85' lang='lat' dir='ltr'>quem</span> 
     </span>
     <span class='ocr_line' id='line_1_4' title="bbox 677 626 3135 718; baseline 0 -21"><span class='ocrx_word' id='word_1_26' title='bbox 677 626 882 698; x_wconf 92' lang='lat' dir='ltr'>modo</span> <span class='ocrx_word' id='word_1_27' title='bbox 929 628 1345 718; x_wconf 83' lang='lat' dir='ltr'>Episcopum</span> <span class='ocrx_word' id='word_1_28' title='bbox 1383 628 1724 698; x_wconf 78' lang='lat' dir='ltr'><strong>Ecclesiae</strong></span> <span class='ocrx_word' id='word_1_29' title='bbox 1747 627 2006 699; x_wconf 80' lang='lat' dir='ltr'>Jerosol</span> <span class='ocrx_word' id='word_1_30' title='bbox 2066 630 2362 700; x_wconf 90' lang='lat' dir='ltr'>mitanae</span> <span class='ocrx_word' id='word_1_31' title='bbox 2399 628 2612 699; x_wconf 83' lang='lat' dir='ltr'>fuisse</span> <span class='ocrx_word' id='word_1_32' title='bbox 2646 630 3135 708; x_wconf 86' lang='lat' dir='ltr'>monstravimus,</span> 
     </span>
     <span class='ocr_line' id='line_1_5' title="bbox 678 715 3139 875; baseline 0 -89"><span class='ocrx_word' id='word_1_33' title='bbox 678 728 1036 807; x_wconf 86' lang='lat' dir='ltr'>propterea</span> <span class='ocrx_word' id='word_1_34' title='bbox 1081 716 1265 875; x_wconf 60' lang='lat' dir='ltr'>quod</span> <span class='ocrx_word' id='word_1_35' title='bbox 1306 715 1735 788; x_wconf 85' lang='lat' dir='ltr'>confessione</span> <span class='ocrx_word' id='word_1_36' title='bbox 1783 717 1942 787; x_wconf 89' lang='lat' dir='ltr'>fidei</span> <span class='ocrx_word' id='word_1_37' title='bbox 1975 722 2018 787; x_wconf 87' lang='lat' dir='ltr'>C</span> <span class='ocrx_word' id='word_1_38' title='bbox 2075 717 2399 788; x_wconf 90' lang='lat' dir='ltr'>ristianae</span> <span class='ocrx_word' id='word_1_39' title='bbox 2441 719 2860 809; x_wconf 77' lang='lat' dir='ltr'><strong>temporibus</strong></span> <span class='ocrx_word' id='word_1_40' title='bbox 2889 740 3139 809; x_wconf 84' lang='lat' dir='ltr'>persecu·</span> 
     </span>
     <span class='ocr_line' id='line_1_6' title="bbox 676 804 3141 898; baseline 0 -23"><span class='ocrx_word' id='word_1_41' title='bbox 676 804 882 876; x_wconf 89' lang='lat' dir='ltr'>tionis</span> <span class='ocrx_word' id='word_1_42' title='bbox 933 805 1091 875; x_wconf 90' lang='lat' dir='ltr'>nobi</span> <span class='ocrx_word' id='word_1_43' title='bbox 1127 805 1334 878; x_wconf 89' lang='lat' dir='ltr'>itatus</span> <span class='ocrx_word' id='word_1_44' title='bbox 1381 817 1548 887; x_wconf 91' lang='lat' dir='ltr'>erat,</span> <span class='ocrx_word' id='word_1_45' title='bbox 1585 806 2035 898; x_wconf 77' lang='lat' dir='ltr'>Episcopatu,</span> <span class='ocrx_word' id='word_1_46' title='bbox 2075 828 2277 893; x_wconf 92' lang='lat' dir='ltr'>quem</span> <span class='ocrx_word' id='word_1_47' title='bbox 2330 806 2512 889; x_wconf 83' lang='lat' dir='ltr'>dixi,</span> <span class='ocrx_word' id='word_1_48' title='bbox 2558 828 2717 876; x_wconf 91' lang='lat' dir='ltr'>cum</span> <span class='ocrx_word' id='word_1_49' title='bbox 2770 806 2980 876; x_wconf 87' lang='lat' dir='ltr'>adhuc</span> <span class='ocrx_word' id='word_1_50' title='bbox 3020 811 3141 876; x_wconf 84' lang='lat' dir='ltr'>Nar-</span> 
     </span>
     <span class='ocr_line' id='line_1_7' title="bbox 675 893 3142 986; baseline 0 -22"><span class='ocrx_word' id='word_1_51' title='bbox 675 894 901 965; x_wconf 88' lang='lat' dir='ltr'>cissus</span> <span class='ocrx_word' id='word_1_52' title='bbox 933 894 1026 975; x_wconf 59' lang='lat'>*⁴2</span> <span class='ocrx_word' id='word_1_53' title='bbox 1066 894 1186 983; x_wconf 90' lang='lat' dir='ltr'>qui</span> <span class='ocrx_word' id='word_1_54' title='bbox 1215 916 1373 965; x_wconf 90' lang='lat' dir='ltr'>eum</span> <span class='ocrx_word' id='word_1_55' title='bbox 1408 894 1476 963; x_wconf 89' lang='lat' dir='ltr'>in</span> <span class='ocrx_word' id='word_1_56' title='bbox 1506 916 1584 964; x_wconf 92' lang='lat' dir='ltr'>eo</span> <span class='ocrx_word' id='word_1_57' title='bbox 1618 893 1844 964; x_wconf 85' lang='lat' dir='ltr'>officio</span> <span class='ocrx_word' id='word_1_58' title='bbox 1892 895 2215 978; x_wconf 80' lang='lat' dir='ltr'><strong>anteibat,</strong></span> <span class='ocrx_word' id='word_1_59' title='bbox 2252 909 2601 986; x_wconf 85' lang='lat' dir='ltr'>superstes</span> <span class='ocrx_word' id='word_1_60' title='bbox 2647 909 2844 975; x_wconf 90' lang='lat' dir='ltr'>esset,</span> <span class='ocrx_word' id='word_1_61' title='bbox 2876 896 3142 986; x_wconf 84' lang='lat' dir='ltr'>dignatus</span> 
     </span>
     <span class='ocr_line' id='line_1_8' title="bbox 676 982 3143 1074; baseline 0 -23"><span class='ocrx_word' id='word_1_62' title='bbox 676 982 826 1052; x_wconf 82' lang='lat' dir='ltr'>fuit.</span> <span class='ocrx_word' id='word_1_63' title='bbox 866 987 1138 1054; x_wconf 77' lang='lat' dir='ltr'>Praeter</span> <span class='ocrx_word' id='word_1_64' title='bbox 1172 983 1425 1054; x_wconf 89' lang='lat' dir='ltr'>multas</span> <span class='ocrx_word' id='word_1_65' title='bbox 1472 982 1646 1054; x_wconf 88' lang='lat' dir='ltr'>alias</span> <span class='ocrx_word' id='word_1_66' title='bbox 1685 983 2133 1054; x_wconf 87' lang='lat' dir='ltr'>admirabiles</span> <span class='ocrx_word' id='word_1_67' title='bbox 2164 1005 2272 1054; x_wconf 93' lang='lat' dir='ltr'>res</span> <span class='ocrx_word' id='word_1_68' title='bbox 2323 996 2586 1074; x_wconf 88' lang='lat' dir='ltr'>gestas,</span> <span class='ocrx_word' id='word_1_69' title='bbox 2622 1006 2798 1071; x_wconf 88' lang='lat' dir='ltr'>quas</span> <span class='ocrx_word' id='word_1_70' title='bbox 2839 985 2950 1072; x_wconf 90' lang='lat' dir='ltr'>qui</span> <span class='ocrx_word' id='word_1_71' title='bbox 2986 1005 3049 1052; x_wconf 86' lang='lat' dir='ltr'>ex</span> <span class='ocrx_word' id='word_1_72' title='bbox 3085 1005 3143 1052; x_wconf 81' lang='lat' dir='ltr'>ea</span> 
     </span>
     <span class='ocr_line' id='line_1_9' title="bbox 675 1071 3142 1163; baseline 0 -22"><span class='ocrx_word' id='word_1_73' title='bbox 675 1071 978 1142; x_wconf 84' lang='lat' dir='ltr'>Ecclesia</span> <span class='ocrx_word' id='word_1_74' title='bbox 1023 1086 1209 1154; x_wconf 87' lang='lat' dir='ltr'>sunt,</span> <span class='ocrx_word' id='word_1_75' title='bbox 1249 1094 1331 1143; x_wconf 87' lang='lat' dir='ltr'>ex</span> <span class='ocrx_word' id='word_1_76' title='bbox 1364 1093 1678 1142; x_wconf 85' lang='lat' dir='ltr'>sermone</span> <span class='ocrx_word' id='word_1_77' title='bbox 1717 1093 1797 1141; x_wconf 92' lang='lat' dir='ltr'>ac</span> <span class='ocrx_word' id='word_1_78' title='bbox 1846 1071 2210 1142; x_wconf 84' lang='lat' dir='ltr'>traditione</span> <span class='ocrx_word' id='word_1_79' title='bbox 2257 1072 2574 1156; x_wconf 82' lang='lat' dir='ltr'>fratrum,</span> <span class='ocrx_word' id='word_1_80' title='bbox 2633 1073 2959 1163; x_wconf 86' lang='lat' dir='ltr'>gradatim</span> <span class='ocrx_word' id='word_1_81' title='bbox 2987 1084 3044 1141; x_wconf 91' lang='lat' dir='ltr'>et</span> <span class='ocrx_word' id='word_1_82' title='bbox 3066 1094 3142 1142; x_wconf 89' lang='lat' dir='ltr'>or·</span> 
     </span>
     <span class='ocr_line' id='line_1_10' title="bbox 669 1159 3143 1253; baseline 0 -24"><span class='ocrx_word' id='word_1_83' title='bbox 669 1159 833 1231; x_wconf 91' lang='lat' dir='ltr'>dine</span> <span class='ocrx_word' id='word_1_84' title='bbox 880 1161 1425 1243; x_wconf 85' lang='lat' dir='ltr'>succedentium,</span> <span class='ocrx_word' id='word_1_85' title='bbox 1470 1160 1554 1229; x_wconf 92' lang='lat' dir='ltr'>de</span> <span class='ocrx_word' id='word_1_86' title='bbox 1615 1161 1932 1233; x_wconf 88' lang='lat' dir='ltr'>Narcisso</span> <span class='ocrx_word' id='word_1_87' title='bbox 1982 1175 2288 1242; x_wconf 90' lang='lat' dir='ltr'>narrant,</span> <span class='ocrx_word' id='word_1_88' title='bbox 2328 1161 2457 1231; x_wconf 91' lang='lat' dir='ltr'>hoc</span> <span class='ocrx_word' id='word_1_89' title='bbox 2522 1175 2864 1253; x_wconf 84' lang='lat' dir='ltr'>praeterea</span> <span class='ocrx_word' id='word_1_90' title='bbox 2903 1161 3143 1231; x_wconf 89' lang='lat' dir='ltr'>miracu-</span> 
     </span>
     <span class='ocr_line' id='line_1_11' title="bbox 672 1248 1797 1321; baseline 0 -3"><span class='ocrx_word' id='word_1_91' title='bbox 672 1249 818 1319; x_wconf 92' lang='lat' dir='ltr'>lum</span> <span class='ocrx_word' id='word_1_92' title='bbox 868 1248 955 1319; x_wconf 92' lang='lat' dir='ltr'>ab</span> <span class='ocrx_word' id='word_1_93' title='bbox 1002 1271 1081 1320; x_wconf 93' lang='lat' dir='ltr'>eo</span> <span class='ocrx_word' id='word_1_94' title='bbox 1129 1249 1393 1321; x_wconf 92' lang='lat' dir='ltr'>editum</span> <span class='ocrx_word' id='word_1_95' title='bbox 1443 1248 1797 1320; x_wconf 83' lang='lat' dir='ltr'>referunt:</span> 
     </span>
    </p>

    <p class='ocr_par' dir='ltr' id='par_1_3' title="bbox 669 1337 3257 2671">
     <span class='ocr_line' id='line_1_12' title="bbox 759 1337 3142 1430; baseline -0.002 -21"><span class='ocrx_word' id='word_1_96' title='bbox 759 1340 796 1426; x_wconf 71' lang='grc' dir='ltr'>ξ</span> <span class='ocrx_word' id='word_1_97' title='bbox 847 1343 934 1409; x_wconf 67' lang='lat'>2.</span> <span class='ocrx_word' id='word_1_98' title='bbox 989 1342 1066 1408; x_wconf 90' lang='lat' dir='ltr'>In</span> <span class='ocrx_word' id='word_1_99' title='bbox 1121 1360 1371 1430; x_wconf 89' lang='lat' dir='ltr'>magna</span> <span class='ocrx_word' id='word_1_100' title='bbox 1419 1351 1484 1407; x_wconf 90' lang='lat' dir='ltr'>et</span> <span class='ocrx_word' id='word_1_101' title='bbox 1532 1337 1826 1408; x_wconf 89' lang='lat' dir='ltr'>solemni</span> <span class='ocrx_word' id='word_1_102' title='bbox 1875 1337 2229 1409; x_wconf 86' lang='lat' dir='ltr'>Paschatis</span> <span class='ocrx_word' id='word_1_103' title='bbox 2289 1340 2349 1408; x_wconf 87' lang='lat' dir='ltr'>vi</span> <span class='ocrx_word' id='word_1_104' title='bbox 2407 1338 2567 1421; x_wconf 92' lang='lat' dir='ltr'>ilia,</span> <span class='ocrx_word' id='word_1_105' title='bbox 2620 1337 2845 1409; x_wconf 91' lang='lat' dir='ltr'>oleum</span> <span class='ocrx_word' id='word_1_106' title='bbox 2894 1337 3142 1408; x_wconf 84' lang='lat' dir='ltr'>diaconis</span> 
     </span>
     <span class='ocr_line' id='line_1_13' title="bbox 674 1426 3140 1517; baseline -0.001 -22"><span class='ocrx_word' id='word_1_107' title='bbox 674 1438 741 1496; x_wconf 90' lang='lat' dir='ltr'>et</span> <span class='ocrx_word' id='word_1_108' title='bbox 789 1427 1124 1498; x_wconf 90' lang='lat' dir='ltr'>ministris</span> <span class='ocrx_word' id='word_1_109' title='bbox 1170 1427 1512 1498; x_wconf 89' lang='lat' dir='ltr'>Ecclesiae</span> <span class='ocrx_word' id='word_1_110' title='bbox 1548 1426 1852 1496; x_wconf 84' lang='lat' dir='ltr'>defuisse</span> <span class='ocrx_word' id='word_1_111' title='bbox 1904 1427 2285 1517; x_wconf 89' lang='lat' dir='ltr'>perhibent.</span> <span class='ocrx_word' id='word_1_112' title='bbox 2400 1427 2533 1498; x_wconf 89' lang='lat' dir='ltr'>nde</span> <span class='ocrx_word' id='word_1_113' title='bbox 2587 1450 2749 1498; x_wconf 88' lang='lat' dir='ltr'>cum</span> <span class='ocrx_word' id='word_1_114' title='bbox 2813 1428 3140 1498; x_wconf 79' lang='lat' dir='ltr'>universam</span> 
     </span>
     <span class='ocr_line' id='line_1_14' title="bbox 677 1515 3144 1617; baseline -0.001 -33"><span class='ocrx_word' id='word_1_115' title='bbox 677 1515 1190 1587; x_wconf 90' lang='lat' dir='ltr'>multitudinem</span> <span class='ocrx_word' id='word_1_116' title='bbox 1229 1515 1457 1608; x_wconf 87' lang='lat' dir='ltr'>gravis</span> <span class='ocrx_word' id='word_1_117' title='bbox 1489 1515 1829 1603; x_wconf 86' lang='lat' dir='ltr'>quaedam</span> <span class='ocrx_word' id='word_1_118' title='bbox 1865 1516 2223 1617; x_wconf 78' lang='lat' dir='ltr'>aegritudo</span> <span class='ocrx_word' id='word_1_119' title='bbox 2263 1528 2329 1586; x_wconf 90' lang='lat' dir='ltr'>et</span> <span class='ocrx_word' id='word_1_120' title='bbox 2374 1516 2703 1586; x_wconf 91' lang='lat' dir='ltr'>demissio</span> <span class='ocrx_word' id='word_1_121' title='bbox 2753 1516 2956 1586; x_wconf 90' lang='lat' dir='ltr'>animi</span> <span class='ocrx_word' id='word_1_122' title='bbox 2994 1535 3144 1586; x_wconf 87' lang='lat' dir='ltr'>occu-</span> 
     </span>
     <span class='ocr_line' id='line_1_15' title="bbox 676 1604 3144 1696; baseline -0.001 -23"><span class='ocrx_word' id='word_1_123' title='bbox 676 1617 888 1694; x_wconf 89' lang='lat' dir='ltr'>paret,</span> <span class='ocrx_word' id='word_1_124' title='bbox 934 1606 1327 1675; x_wconf 86' lang='lat' dir='ltr'>Narcissum</span> <span class='ocrx_word' id='word_1_125' title='bbox 1378 1604 1607 1675; x_wconf 82' lang='lat' dir='ltr'>serunt</span> <span class='ocrx_word' id='word_1_126' title='bbox 1656 1604 1787 1686; x_wconf 86' lang='lat' dir='ltr'>bis,</span> <span class='ocrx_word' id='word_1_127' title='bbox 1843 1626 1963 1691; x_wconf 81' lang='lat' dir='ltr'>qui</span> <span class='ocrx_word' id='word_1_128' title='bbox 2014 1604 2388 1675; x_wconf 91' lang='lat' dir='ltr'>luminaria</span> <span class='ocrx_word' id='word_1_129' title='bbox 2435 1605 2886 1696; x_wconf 88' lang='lat' dir='ltr'>apparabant,</span> <span class='ocrx_word' id='word_1_130' title='bbox 2932 1623 3144 1695; x_wconf 83' lang='lat' dir='ltr'>praece·</span> 
     </span>
     <span class='ocr_line' id='line_1_16' title="bbox 678 1692 3141 1785; baseline -0.001 -24"><span class='ocrx_word' id='word_1_131' title='bbox 678 1693 880 1783; x_wconf 90' lang='lat' dir='ltr'>pisse,</span> <span class='ocrx_word' id='word_1_132' title='bbox 935 1708 1009 1764; x_wconf 91' lang='lat' dir='ltr'>ut</span> <span class='ocrx_word' id='word_1_133' title='bbox 1042 1715 1291 1782; x_wconf 90' lang='lat' dir='ltr'>aquam</span> <span class='ocrx_word' id='word_1_134' title='bbox 1314 1715 1401 1763; x_wconf 87' lang='lat' dir='ltr'>ex</span> <span class='ocrx_word' id='word_1_135' title='bbox 1435 1706 1637 1784; x_wconf 90' lang='lat' dir='ltr'>puteo</span> <span class='ocrx_word' id='word_1_136' title='bbox 1666 1692 1966 1780; x_wconf 87' lang='lat' dir='ltr'>quodam</span> <span class='ocrx_word' id='word_1_137' title='bbox 2002 1694 2125 1781; x_wconf 91' lang='lat' dir='ltr'>qui</span> <span class='ocrx_word' id='word_1_138' title='bbox 2156 1707 2301 1764; x_wconf 90' lang='lat' dir='ltr'>erat</span> <span class='ocrx_word' id='word_1_139' title='bbox 2336 1694 2403 1762; x_wconf 90' lang='lat' dir='ltr'>in</span> <span class='ocrx_word' id='word_1_140' title='bbox 2443 1694 2778 1785; x_wconf 81' lang='lat' dir='ltr'>proximo,</span> <span class='ocrx_word' id='word_1_141' title='bbox 2825 1693 3141 1767; x_wconf 88' lang='lat' dir='ltr'>haurirent,</span> 
     </span>
     <span class='ocr_line' id='line_1_17' title="bbox 669 1781 3144 1873; baseline -0.001 -23"><span class='ocrx_word' id='word_1_142' title='bbox 669 1793 736 1850; x_wconf 91' lang='lat' dir='ltr'>et</span> <span class='ocrx_word' id='word_1_143' title='bbox 783 1784 863 1852; x_wconf 89' lang='lat' dir='ltr'>ad</span> <span class='ocrx_word' id='word_1_144' title='bbox 893 1781 1123 1873; x_wconf 88' lang='lat' dir='ltr'>ipsum</span> <span class='ocrx_word' id='word_1_145' title='bbox 1164 1782 1506 1852; x_wconf 85' lang='lat' dir='ltr'>afferrent.</span> <span class='ocrx_word' id='word_1_146' title='bbox 1545 1787 1693 1865; x_wconf 85' lang='lat' dir='ltr'>Quo</span> <span class='ocrx_word' id='word_1_147' title='bbox 1727 1782 1987 1870; x_wconf 86' lang='lat' dir='ltr'>absque</span> <span class='ocrx_word' id='word_1_148' title='bbox 2031 1803 2215 1852; x_wconf 89' lang='lat' dir='ltr'>mora</span> <span class='ocrx_word' id='word_1_149' title='bbox 2257 1795 2551 1873; x_wconf 89' lang='lat' dir='ltr'>peracto,</span> <span class='ocrx_word' id='word_1_150' title='bbox 2597 1805 2757 1852; x_wconf 89' lang='lat' dir='ltr'>eum</span> <span class='ocrx_word' id='word_1_151' title='bbox 2793 1803 2989 1872; x_wconf 90' lang='lat' dir='ltr'>super</span> <span class='ocrx_word' id='word_1_152' title='bbox 3012 1800 3144 1866; x_wconf 82' lang='lat' dir='ltr'>aqua</span> 
     </span>
     <span class='ocr_line' id='line_1_18' title="bbox 671 1867 3142 1960; baseline -0.002 -21"><span class='ocrx_word' id='word_1_153' title='bbox 671 1871 995 1953; x_wconf 87' lang='lat' dir='ltr'>oravisse,</span> <span class='ocrx_word' id='word_1_154' title='bbox 1037 1871 1535 1960; x_wconf 89' lang='lat' dir='ltr'>mandasseque</span> <span class='ocrx_word' id='word_1_155' title='bbox 1565 1884 1641 1941; x_wconf 90' lang='lat' dir='ltr'>ut</span> <span class='ocrx_word' id='word_1_156' title='bbox 1670 1892 1832 1940; x_wconf 91' lang='lat' dir='ltr'>cum</span> <span class='ocrx_word' id='word_1_157' title='bbox 1872 1892 2026 1941; x_wconf 92' lang='lat' dir='ltr'>vera</span> <span class='ocrx_word' id='word_1_158' title='bbox 2060 1883 2124 1940; x_wconf 92' lang='lat' dir='ltr'>et</span> <span class='ocrx_word' id='word_1_159' title='bbox 2155 1872 2495 1942; x_wconf 89' lang='lat' dir='ltr'>constanti</span> <span class='ocrx_word' id='word_1_160' title='bbox 2532 1872 2599 1940; x_wconf 94' lang='lat' dir='ltr'>in</span> <span class='ocrx_word' id='word_1_161' title='bbox 2638 1872 2996 1942; x_wconf 92' lang='lat' dir='ltr'>Dominum</span> <span class='ocrx_word' id='word_1_162' title='bbox 3027 1867 3142 1945; x_wconf 83' lang='lat' dir='ltr'>fide,</span> 
     </span>
     <span class='ocr_line' id='line_1_19' title="bbox 671 1958 3145 2043; baseline -0.002 -15"><span class='ocrx_word' id='word_1_163' title='bbox 671 1981 820 2028; x_wconf 84' lang='lat' dir='ltr'>eam</span> <span class='ocrx_word' id='word_1_164' title='bbox 871 1960 940 2029; x_wconf 92' lang='lat' dir='ltr'>in</span> <span class='ocrx_word' id='word_1_165' title='bbox 994 1959 1446 2030; x_wconf 89' lang='lat' dir='ltr'>luminarium</span> <span class='ocrx_word' id='word_1_166' title='bbox 1499 1982 1658 2029; x_wconf 87' lang='lat' dir='ltr'>vasa</span> <span class='ocrx_word' id='word_1_167' title='bbox 1706 1958 2171 2030; x_wconf 85' lang='lat' dir='ltr'>infunderent.</span> <span class='ocrx_word' id='word_1_168' title='bbox 2210 1960 2398 2043; x_wconf 88' lang='lat' dir='ltr'>Quod</span> <span class='ocrx_word' id='word_1_169' title='bbox 2458 1960 2575 2030; x_wconf 92' lang='lat' dir='ltr'>ubi</span> <span class='ocrx_word' id='word_1_170' title='bbox 2610 1958 2933 2035; x_wconf 84' lang='lat' dir='ltr'>fecerant.</span> <span class='ocrx_word' id='word_1_171' title='bbox 2965 1969 3145 2028; x_wconf 84' lang='lat' dir='ltr'>contra</span> 
     </span>
     <span class='ocr_line' id='line_1_20' title="bbox 671 2048 3146 2143; baseline -0.002 -25"><span class='ocrx_word' id='word_1_172' title='bbox 671 2069 948 2118; x_wconf 91' lang='lat' dir='ltr'>omnem</span> <span class='ocrx_word' id='word_1_173' title='bbox 999 2049 1356 2130; x_wconf 88' lang='lat' dir='ltr'>rationem,</span> <span class='ocrx_word' id='word_1_174' title='bbox 1402 2048 1793 2118; x_wconf 90' lang='lat' dir='ltr'>incredibili</span> <span class='ocrx_word' id='word_1_175' title='bbox 1849 2048 2146 2135; x_wconf 88' lang='lat' dir='ltr'>quadam</span> <span class='ocrx_word' id='word_1_176' title='bbox 2189 2064 2255 2118; x_wconf 92' lang='lat' dir='ltr'>et</span> <span class='ocrx_word' id='word_1_177' title='bbox 2291 2048 2527 2118; x_wconf 75' lang='lat' dir='ltr'>divina</span> <span class='ocrx_word' id='word_1_178' title='bbox 2560 2049 2850 2129; x_wconf 88' lang='lat' dir='ltr'>virtute,</span> <span class='ocrx_word' id='word_1_179' title='bbox 2891 2059 3146 2143; x_wconf 67' lang='lat' dir='ltr'>naturant</span> 
     </span>
     <span class='ocr_line' id='line_1_21' title="bbox 669 2132 3145 2228; baseline -0.002 -22"><span class='ocrx_word' id='word_1_180' title='bbox 669 2158 890 2225; x_wconf 82' lang='lat' dir='ltr'>aquae</span> <span class='ocrx_word' id='word_1_181' title='bbox 939 2138 1005 2207; x_wconf 94' lang='lat' dir='ltr'>in</span> <span class='ocrx_word' id='word_1_182' title='bbox 1057 2137 1189 2208; x_wconf 92' lang='lat' dir='ltr'>olei</span> <span class='ocrx_word' id='word_1_183' title='bbox 1240 2150 1551 2208; x_wconf 88' lang='lat' dir='ltr'>naturam</span> <span class='ocrx_word' id='word_1_184' title='bbox 1603 2150 2139 2206; x_wconf 88' lang='lat' dir='ltr'>commutatam:</span> <span class='ocrx_word' id='word_1_185' title='bbox 2182 2150 2247 2208; x_wconf 90' lang='lat' dir='ltr'>et</span> <span class='ocrx_word' id='word_1_186' title='bbox 2283 2160 2405 2228; x_wconf 91' lang='lat' dir='ltr'>pro</span> <span class='ocrx_word' id='word_1_187' title='bbox 2436 2149 2620 2208; x_wconf 91' lang='lat' dir='ltr'>certo</span> <span class='ocrx_word' id='word_1_188' title='bbox 2656 2136 2850 2207; x_wconf 90' lang='lat' dir='ltr'>illius</span> <span class='ocrx_word' id='word_1_189' title='bbox 2885 2132 3145 2205; x_wconf 78' lang='lat' dir='ltr'>miraculi</span> 
     </span>
     <span class='ocr_line' id='line_1_22' title="bbox 673 2225 3147 2317; baseline -0.002 -23"><span class='ocrx_word' id='word_1_190' title='bbox 673 2225 953 2307; x_wconf 90' lang='lat' dir='ltr'>indici0‚</span> <span class='ocrx_word' id='word_1_191' title='bbox 992 2227 1232 2296; x_wconf 77' lang='lat' dir='ltr'>fratres</span> <span class='ocrx_word' id='word_1_192' title='bbox 1266 2226 1682 2317; x_wconf 79' lang='lat' dir='ltr'>complureS,</span> <span class='ocrx_word' id='word_1_193' title='bbox 1715 2226 1831 2314; x_wconf 91' lang='lat' dir='ltr'>qui</span> <span class='ocrx_word' id='word_1_194' title='bbox 1869 2225 2009 2295; x_wconf 91' lang='lat' dir='ltr'>illic</span> <span class='ocrx_word' id='word_1_195' title='bbox 2035 2240 2252 2308; x_wconf 88' lang='lat' dir='ltr'>erant,</span> <span class='ocrx_word' id='word_1_196' title='bbox 2289 2249 2368 2296; x_wconf 90' lang='lat' dir='ltr'>eo</span> <span class='ocrx_word' id='word_1_197' title='bbox 2400 2225 2681 2314; x_wconf 90' lang='lat' dir='ltr'>quidem</span> <span class='ocrx_word' id='word_1_198' title='bbox 2721 2240 3011 2316; x_wconf 90' lang='lat' dir='ltr'>tempore</span> <span class='ocrx_word' id='word_1_199' title='bbox 3037 2242 3147 2314; x_wconf 86' lang='lat' dir='ltr'>per·</span> 
     </span>
     <span class='ocr_line' id='line_1_23' title="bbox 675 2307 3146 2404; baseline -0.002 -22"><span class='ocrx_word' id='word_1_200' title='bbox 675 2313 971 2384; x_wconf 89' lang='lat' dir='ltr'>multum</span> <span class='ocrx_word' id='word_1_201' title='bbox 1007 2336 1085 2384; x_wconf 84' lang='lat' dir='ltr'>ex</span> <span class='ocrx_word' id='word_1_202' title='bbox 1136 2315 1254 2384; x_wconf 92' lang='lat' dir='ltr'>illo</span> <span class='ocrx_word' id='word_1_203' title='bbox 1301 2314 1451 2385; x_wconf 91' lang='lat' dir='ltr'>oleo</span> <span class='ocrx_word' id='word_1_204' title='bbox 1490 2328 2026 2393; x_wconf 88' lang='lat' dir='ltr'>reservaverunt,</span> <span class='ocrx_word' id='word_1_205' title='bbox 2056 2337 2133 2385; x_wconf 82' lang='lat' dir='ltr'>ex</span> <span class='ocrx_word' id='word_1_206' title='bbox 2167 2338 2305 2403; x_wconf 89' lang='lat' dir='ltr'>quo</span> <span class='ocrx_word' id='word_1_207' title='bbox 2336 2316 2539 2386; x_wconf 90' lang='lat' dir='ltr'>etiam</span> <span class='ocrx_word' id='word_1_208' title='bbox 2581 2314 3065 2404; x_wconf 89' lang='lat' dir='ltr'>aliquantulum</span> <span class='ocrx_word' id='word_1_209' title='bbox 3086 2307 3146 2378; x_wconf 82' lang='lat' dir='ltr'>ad</span> 
     </span>
     <span class='ocr_line' id='line_1_24' title="bbox 674 2404 3149 2492; baseline -0.001 -22"><span class='ocrx_word' id='word_1_210' title='bbox 674 2415 975 2473; x_wconf 89' lang='lat' dir='ltr'>nostram</span> <span class='ocrx_word' id='word_1_211' title='bbox 1014 2425 1235 2492; x_wconf 89' lang='lat' dir='ltr'>usque</span> <span class='ocrx_word' id='word_1_212' title='bbox 1268 2416 1555 2474; x_wconf 91' lang='lat' dir='ltr'>aetatem</span> <span class='ocrx_word' id='word_1_213' title='bbox 1599 2404 2016 2472; x_wconf 89' lang='lat' dir='ltr'>custoditum</span> <span class='ocrx_word' id='word_1_214' title='bbox 2074 2418 2196 2474; x_wconf 90' lang='lat' dir='ltr'>est.</span> <span class='ocrx_word' id='word_1_215' title='bbox 2242 2404 2572 2492; x_wconf 90' lang='lat' dir='ltr'>Pleraque</span> <span class='ocrx_word' id='word_1_216' title='bbox 2627 2405 2793 2474; x_wconf 90' lang='lat' dir='ltr'>item</span> <span class='ocrx_word' id='word_1_217' title='bbox 2843 2404 2990 2481; x_wconf 87' lang='lat' dir='ltr'>alia,</span> <span class='ocrx_word' id='word_1_218' title='bbox 3046 2419 3149 2469; x_wconf 85' lang='lat' dir='ltr'>me-</span> 
     </span>
     <span class='ocr_line' id='line_1_25' title="bbox 677 2489 3149 2583; baseline -0.002 -21"><span class='ocrx_word' id='word_1_219' title='bbox 677 2490 895 2562; x_wconf 90' lang='lat' dir='ltr'>moria</span> <span class='ocrx_word' id='word_1_220' title='bbox 989 2491 1219 2562; x_wconf 90' lang='lat' dir='ltr'>uidem</span> <span class='ocrx_word' id='word_1_221' title='bbox 1262 2491 1497 2583; x_wconf 91' lang='lat' dir='ltr'>digna,</span> <span class='ocrx_word' id='word_1_222' title='bbox 1538 2491 1624 2561; x_wconf 92' lang='lat' dir='ltr'>de</span> <span class='ocrx_word' id='word_1_223' title='bbox 1658 2493 1791 2563; x_wconf 88' lang='lat' dir='ltr'>vita</span> <span class='ocrx_word' id='word_1_224' title='bbox 1827 2492 2027 2563; x_wconf 84' lang='lat' dir='ltr'>istius</span> <span class='ocrx_word' id='word_1_225' title='bbox 2064 2493 2185 2563; x_wconf 90' lang='lat' dir='ltr'>viri</span> <span class='ocrx_word' id='word_1_226' title='bbox 2236 2508 2809 2574; x_wconf 87' lang='lat' dir='ltr'>commemorant,</span> <span class='ocrx_word' id='word_1_227' title='bbox 2853 2494 2919 2562; x_wconf 90' lang='lat' dir='ltr'>in</span> <span class='ocrx_word' id='word_1_228' title='bbox 2947 2489 3149 2581; x_wconf 85' lang='lat' dir='ltr'>quibus</span> 
     </span>
     <span class='ocr_line' id='line_1_26' title="bbox 671 2514 3257 2671; baseline 0.003 -21"><span class='ocrx_word' id='word_1_229' title='bbox 671 2514 1017 2671; x_wconf 47' lang='lat' dir='ltr'>ejusmodi</span> <span class='ocrx_word' id='word_1_230' title='bbox 1064 2580 1397 2670; x_wconf 91' lang='lat' dir='ltr'>quiddam</span> <span class='ocrx_word' id='word_1_231' title='bbox 1451 2581 1779 2652; x_wconf 91' lang='lat' dir='ltr'>traditum</span> <span class='ocrx_word' id='word_1_232' title='bbox 1829 2594 1973 2652; x_wconf 86' lang='lat' dir='ltr'>est:</span> <span class='ocrx_word' id='word_1_233' title='bbox 3256 2650 3257 2657; x_wconf 74' lang='grc'>,</span> 
     </span>
    </p>

    <p class='ocr_par' dir='ltr' id='par_1_4' title="bbox 670 2669 3151 3292">
     <span class='ocr_line' id='line_1_27' title="bbox 762 2669 3149 2774; baseline -0.003 -33"><span class='ocrx_word' id='word_1_234' title='bbox 762 2671 799 2758; x_wconf 71' lang='grc' dir='ltr'>ξ,</span> <span class='ocrx_word' id='word_1_235' title='bbox 838 2674 926 2741; x_wconf 75' lang='lat'>8.</span> <span class='ocrx_word' id='word_1_236' title='bbox 975 2674 1139 2740; x_wconf 89' lang='lat' dir='ltr'>Cum</span> <span class='ocrx_word' id='word_1_237' title='bbox 1181 2669 1462 2757; x_wconf 87' lang='lat' dir='ltr'>quidam</span> <span class='ocrx_word' id='word_1_238' title='bbox 1502 2692 1796 2757; x_wconf 89' lang='lat' dir='ltr'>nequam</span> <span class='ocrx_word' id='word_1_239' title='bbox 1852 2670 2096 2760; x_wconf 91' lang='lat' dir='ltr'>perditi</span> <span class='ocrx_word' id='word_1_240' title='bbox 2148 2671 2650 2742; x_wconf 89' lang='lat' dir='ltr'>homunciones</span> <span class='ocrx_word' id='word_1_241' title='bbox 2697 2692 2966 2774; x_wconf 86' lang='lat' dir='ltr'>gravem</span> <span class='ocrx_word' id='word_1_242' title='bbox 2999 2681 3149 2737; x_wconf 85' lang='lat' dir='ltr'>etse·</span> 
     </span>
     <span class='ocr_line' id='line_1_28' title="bbox 676 2755 3148 2852; baseline -0.002 -27"><span class='ocrx_word' id='word_1_243' title='bbox 676 2780 900 2828; x_wconf 88' lang='lat' dir='ltr'>veram</span> <span class='ocrx_word' id='word_1_244' title='bbox 952 2780 1100 2829; x_wconf 91' lang='lat' dir='ltr'>eam</span> <span class='ocrx_word' id='word_1_245' title='bbox 1139 2759 1497 2840; x_wconf 90' lang='lat' dir='ltr'>rationem,</span> <span class='ocrx_word' id='word_1_246' title='bbox 1535 2781 1670 2846; x_wconf 86' lang='lat' dir='ltr'>qua</span> <span class='ocrx_word' id='word_1_247' title='bbox 1704 2781 1824 2850; x_wconf 91' lang='lat' dir='ltr'>per</span> <span class='ocrx_word' id='word_1_248' title='bbox 1858 2760 2246 2830; x_wconf 88' lang='lat' dir='ltr'>universam</span> <span class='ocrx_word' id='word_1_249' title='bbox 2285 2761 2487 2830; x_wconf 88' lang='lat' dir='ltr'>vitam</span> <span class='ocrx_word' id='word_1_250' title='bbox 2523 2773 2671 2829; x_wconf 90' lang='lat' dir='ltr'>tum</span> <span class='ocrx_word' id='word_1_251' title='bbox 2707 2783 2781 2829; x_wconf 78' lang='lat' dir='ltr'>tn</span> <span class='ocrx_word' id='word_1_252' title='bbox 2813 2755 3148 2852; x_wconf 74' lang='lat' dir='ltr'>hominibus</span> 
     </span>
     <span class='ocr_line' id='line_1_29' title="bbox 670 2846 3144 2939; baseline -0.002 -24"><span class='ocrx_word' id='word_1_253' title='bbox 670 2848 921 2917; x_wconf 89' lang='lat' dir='ltr'>acriter</span> <span class='ocrx_word' id='word_1_254' title='bbox 946 2846 1028 2917; x_wconf 92' lang='lat' dir='ltr'>ad</span> <span class='ocrx_word' id='word_1_255' title='bbox 1042 2847 1426 2929; x_wconf 77' lang='lat' dir='ltr'>monendiS,</span> <span class='ocrx_word' id='word_1_256' title='bbox 1466 2859 1611 2917; x_wconf 91' lang='lat' dir='ltr'>tum</span> <span class='ocrx_word' id='word_1_257' title='bbox 1645 2847 1714 2917; x_wconf 93' lang='lat' dir='ltr'>in</span> <span class='ocrx_word' id='word_1_258' title='bbox 1748 2868 1982 2918; x_wconf 91' lang='lat' dir='ltr'>eorum</span> <span class='ocrx_word' id='word_1_259' title='bbox 2020 2848 2200 2918; x_wconf 87' lang='lat' dir='ltr'>vitiis</span> <span class='ocrx_word' id='word_1_260' title='bbox 2232 2849 2662 2939; x_wconf 82' lang='lat' dir='ltr'>corrigendis</span> <span class='ocrx_word' id='word_1_261' title='bbox 2688 2849 2795 2919; x_wconf 89' lang='lat' dir='ltr'>uti</span> <span class='ocrx_word' id='word_1_262' title='bbox 2828 2853 3144 2919; x_wconf 77' lang='lat' dir='ltr'>consuent.</span> 
     </span>
     <span class='ocr_line' id='line_1_30' title="bbox 671 2936 3148 3038; baseline -0.001 -33"><span class='ocrx_word' id='word_1_263' title='bbox 671 2936 1070 3024; x_wconf 88' lang='lat' dir='ltr'>neutiquam</span> <span class='ocrx_word' id='word_1_264' title='bbox 1123 2936 1297 3007; x_wconf 89' lang='lat' dir='ltr'>ferre</span> <span class='ocrx_word' id='word_1_265' title='bbox 1346 2949 1644 3038; x_wconf 89' lang='lat' dir='ltr'>possent,</span> <span class='ocrx_word' id='word_1_266' title='bbox 1694 2957 1856 3025; x_wconf 90' lang='lat' dir='ltr'>prae</span> <span class='ocrx_word' id='word_1_267' title='bbox 1893 2949 2099 3018; x_wconf 90' lang='lat' dir='ltr'>metu,</span> <span class='ocrx_word' id='word_1_268' title='bbox 2141 2960 2226 3006; x_wconf 90' lang='lat' dir='ltr'>ne</span> <span class='ocrx_word' id='word_1_269' title='bbox 2261 2938 2276 3005; x_wconf 92' lang='lat' dir='ltr'><strong>i</strong></span> <span class='ocrx_word' id='word_1_270' title='bbox 2334 2938 2391 3007; x_wconf 92' lang='lat' dir='ltr'>si</span> <span class='ocrx_word' id='word_1_271' title='bbox 2429 2960 2551 3027; x_wconf 89' lang='lat' dir='ltr'>pro</span> <span class='ocrx_word' id='word_1_272' title='bbox 2605 2951 2706 3008; x_wconf 92' lang='lat' dir='ltr'>ter</span> <span class='ocrx_word' id='word_1_273' title='bbox 2742 2936 3001 3006; x_wconf 87' lang='lat' dir='ltr'>infinita</span> <span class='ocrx_word' id='word_1_274' title='bbox 3041 2951 3148 3001; x_wconf 84' lang='lat' dir='ltr'>sce·</span> 
     </span>
     <span class='ocr_line' id='line_1_31' title="bbox 674 2960 3151 3117; baseline -0.003 -23"><span class='ocrx_word' id='word_1_275' title='bbox 674 3025 839 3105; x_wconf 88' lang='lat' dir='ltr'>lera,</span> <span class='ocrx_word' id='word_1_276' title='bbox 891 3046 1186 3112; x_wconf 90' lang='lat' dir='ltr'>quorum</span> <span class='ocrx_word' id='word_1_277' title='bbox 1238 3026 1573 3115; x_wconf 81' lang='lat' dir='ltr'>sibiipsis</span> <span class='ocrx_word' id='word_1_278' title='bbox 1606 3025 1868 3095; x_wconf 90' lang='lat' dir='ltr'>conscii</span> <span class='ocrx_word' id='word_1_279' title='bbox 1924 3038 2141 3107; x_wconf 90' lang='lat' dir='ltr'>erant,</span> <span class='ocrx_word' id='word_1_280' title='bbox 2185 2960 2478 3116; x_wconf 56' lang='lat' dir='ltr'>quicati</span> <span class='ocrx_word' id='word_1_281' title='bbox 2521 3049 2558 3095; x_wconf 91' lang='lat' dir='ltr'>a</span> <span class='ocrx_word' id='word_1_282' title='bbox 2647 3047 2729 3096; x_wconf 95' lang='lat' dir='ltr'>eo</span> <span class='ocrx_word' id='word_1_283' title='bbox 2772 3045 3013 3117; x_wconf 91' lang='lat' dir='ltr'>poenas</span> <span class='ocrx_word' id='word_1_284' title='bbox 3048 3021 3151 3089; x_wconf 88' lang='lat' dir='ltr'>lue·</span> 
     </span>
     <span class='ocr_line' id='line_1_32' title="bbox 674 3113 3150 3206; baseline -0.003 -24"><span class='ocrx_word' id='word_1_285' title='bbox 674 3126 845 3194; x_wconf 92' lang='lat' dir='ltr'>rent,</span> <span class='ocrx_word' id='word_1_286' title='bbox 884 3125 1256 3204; x_wconf 87' lang='lat' dir='ltr'>coeperunt</span> <span class='ocrx_word' id='word_1_287' title='bbox 1301 3128 1538 3184; x_wconf 86' lang='lat' dir='ltr'>contra</span> <span class='ocrx_word' id='word_1_288' title='bbox 1585 3113 1811 3193; x_wconf 90' lang='lat' dir='ltr'>illum,</span> <span class='ocrx_word' id='word_1_289' title='bbox 1849 3116 2157 3185; x_wconf 89' lang='lat' dir='ltr'>consutis</span> <span class='ocrx_word' id='word_1_290' title='bbox 2203 3114 2405 3197; x_wconf 91' lang='lat' dir='ltr'>dolis,</span> <span class='ocrx_word' id='word_1_291' title='bbox 2457 3115 2894 3206; x_wconf 90' lang='lat' dir='ltr'>conspirare,</span> <span class='ocrx_word' id='word_1_292' title='bbox 2947 3124 3006 3182; x_wconf 88' lang='lat' dir='ltr'>et</span> <span class='ocrx_word' id='word_1_293' title='bbox 3045 3122 3150 3177; x_wconf 85' lang='lat' dir='ltr'>tur·</span> 
     </span>
     <span class='ocr_line' id='line_1_33' title="bbox 680 3194 3151 3292; baseline -0.004 -21"><span class='ocrx_word' id='word_1_294' title='bbox 680 3224 830 3292; x_wconf 93' lang='lat' dir='ltr'>pem</span> <span class='ocrx_word' id='word_1_295' title='bbox 862 3203 1212 3290; x_wconf 90' lang='lat' dir='ltr'>quandam</span> <span class='ocrx_word' id='word_1_296' title='bbox 1243 3203 1757 3273; x_wconf 88' lang='lat' dir='ltr'>criminationis·</span> <span class='ocrx_word' id='word_1_297' title='bbox 1782 3202 2202 3273; x_wconf 87' lang='lat' dir='ltr'>calumniam</span> <span class='ocrx_word' id='word_1_298' title='bbox 2234 3204 2301 3272; x_wconf 92' lang='lat' dir='ltr'>in</span> <span class='ocrx_word' id='word_1_299' title='bbox 2344 3224 2502 3274; x_wconf 91' lang='lat' dir='ltr'>eum</span> <span class='ocrx_word' id='word_1_300' title='bbox 2544 3204 2922 3292; x_wconf 85' lang='lat' dir='ltr'>conjicere:</span> <span class='ocrx_word' id='word_1_301' title='bbox 2954 3194 3151 3270; x_wconf 85' lang='lat' dir='ltr'>deinde</span> 
     </span>
    </p>
   </div>
   <div class='ocr_carea' id='block_1_3' title="bbox 3252 2668 3259 3422">
    <p class='ocr_par' dir='ltr' id='par_1_5' title="bbox 3252 2668 3259 3422">
     <span class='ocr_line' id='line_1_34' title="bbox 3252 2668 3259 3422; baseline 0 0"><span class='ocrx_word' id='word_1_302' title='bbox 3252 2668 3259 3422; x_wconf 95' lang='lat' dir='ltr'> </span> 
     </span>
    </p>
   </div>
   <div class='ocr_carea' id='block_1_4' title="bbox 667 3286 3151 3382">
    <p class='ocr_par' dir='ltr' id='par_1_6' title="bbox 667 3286 3251 3383">
     <span class='ocr_line' id='line_1_35' title="bbox 667 3286 3151 3382; baseline -0.002 -23"><span class='ocrx_word' id='word_1_303' title='bbox 667 3312 807 3378; x_wconf 91' lang='lat' dir='ltr'>quo</span> <span class='ocrx_word' id='word_1_304' title='bbox 857 3291 1078 3382; x_wconf 90' lang='lat' dir='ltr'>magis</span> <span class='ocrx_word' id='word_1_305' title='bbox 1123 3291 1557 3365; x_wconf 90' lang='lat' dir='ltr'>auditoribus</span> <span class='ocrx_word' id='word_1_306' title='bbox 1621 3292 2127 3364; x_wconf 88' lang='lat' dir='ltr'>criminationis</span> <span class='ocrx_word' id='word_1_307' title='bbox 2184 3291 2355 3363; x_wconf 86' lang='lat' dir='ltr'>falso</span> <span class='ocrx_word' id='word_1_308' title='bbox 2407 3293 2712 3382; x_wconf 87' lang='lat' dir='ltr'>objectae</span> <span class='ocrx_word' id='word_1_309' title='bbox 2770 3290 2966 3362; x_wconf 89' lang='lat' dir='ltr'>fidem</span> <span class='ocrx_word' id='word_1_310' title='bbox 3021 3286 3151 3356; x_wconf 81' lang='lat' dir='ltr'>sace·</span> 
     </span>
    </p>
   </div>
   <div class='ocr_carea' id='block_1_5' title="bbox 669 3370 3151 4271">
    <p class='ocr_par' dir='ltr' id='par_1_7' title="bbox 669 3370 3151 4271">
     <span class='ocr_line' id='line_1_36' title="bbox 677 3370 3151 3471; baseline -0.004 -22"><span class='ocrx_word' id='word_1_311' title='bbox 677 3390 850 3460; x_wconf 88' lang='lat' dir='ltr'>rent,</span> <span class='ocrx_word' id='word_1_312' title='bbox 902 3400 1052 3449; x_wconf 91' lang='lat' dir='ltr'>eam</span> <span class='ocrx_word' id='word_1_313' title='bbox 1092 3380 1536 3469; x_wconf 84' lang='lat' dir='ltr'>‘urejurando</span> <span class='ocrx_word' id='word_1_314' title='bbox 1584 3380 2018 3461; x_wconf 89' lang='lat' dir='ltr'>confirmare,</span> <span class='ocrx_word' id='word_1_315' title='bbox 2057 3394 2261 3470; x_wconf 89' lang='lat' dir='ltr'>atque</span> <span class='ocrx_word' id='word_1_316' title='bbox 2296 3404 2479 3451; x_wconf 90' lang='lat' dir='ltr'>unus</span> <span class='ocrx_word' id='word_1_317' title='bbox 2527 3382 2628 3451; x_wconf 90' lang='lat' dir='ltr'>sic</span> <span class='ocrx_word' id='word_1_318' title='bbox 2675 3381 3008 3471; x_wconf 90' lang='lat' dir='ltr'>dejerare:</span> <span class='ocrx_word' id='word_1_319' title='bbox 3047 3397 3077 3441; x_wconf 68' lang='grc' dir='ltr'>«ι</span> <span class='ocrx_word' id='word_1_320' title='bbox 3104 3370 3151 3439; x_wconf 83' lang='lat' dir='ltr'>si</span> 
     </span>
     <span class='ocr_line' id='line_1_37' title="bbox 675 3469 3150 3561; baseline -0.002 -24"><span class='ocrx_word' id='word_1_321' title='bbox 675 3489 812 3538; x_wconf 92' lang='lat' dir='ltr'>non</span> <span class='ocrx_word' id='word_1_322' title='bbox 866 3489 1015 3537; x_wconf 88' lang='lat' dir='ltr'>vere</span> <span class='ocrx_word' id='word_1_323' title='bbox 1121 3469 1398 3551; x_wconf 89' lang='lat' dir='ltr'>ixerim,</span> <span class='ocrx_word' id='word_1_324' title='bbox 1453 3481 1612 3560; x_wconf 94' lang='lat' dir='ltr'>opto</span> <span class='ocrx_word' id='word_1_325' title='bbox 1677 3481 1754 3539; x_wconf 92' lang='lat' dir='ltr'>ut</span> <span class='ocrx_word' id='word_1_326' title='bbox 1803 3469 1985 3561; x_wconf 90' lang='lat' dir='ltr'>ignis</span> <span class='ocrx_word' id='word_1_327' title='bbox 2042 3469 2363 3540; x_wconf 91' lang='lat' dir='ltr'>incendio</span> <span class='ocrx_word' id='word_1_328' title='bbox 2414 3470 2660 3540; x_wconf 87' lang='lat' dir='ltr'>misere</span> <span class='ocrx_word' id='word_1_329' title='bbox 2723 3470 3150 3559; x_wconf 77' lang='lat' dir='ltr'>dispeream.»</span> 
     </span>
     <span class='ocr_line' id='line_1_38' title="bbox 673 3557 3149 3649; baseline -0.002 -23"><span class='ocrx_word' id='word_1_330' title='bbox 673 3557 852 3627; x_wconf 74' lang='lat' dir='ltr'>Alter</span> <span class='ocrx_word' id='word_1_331' title='bbox 899 3578 1055 3627; x_wconf 88' lang='lat' dir='ltr'>vero</span> <span class='ocrx_word' id='word_1_332' title='bbox 1102 3558 1239 3627; x_wconf 90' lang='lat' dir='ltr'>sic:</span> <span class='ocrx_word' id='word_1_333' title='bbox 1298 3580 1333 3624; x_wconf 89' lang='lat'>«</span> <span class='ocrx_word' id='word_1_334' title='bbox 1394 3558 1464 3627; x_wconf 94' lang='lat' dir='ltr'>Si</span> <span class='ocrx_word' id='word_1_335' title='bbox 1514 3580 1647 3628; x_wconf 91' lang='lat' dir='ltr'>non</span> <span class='ocrx_word' id='word_1_336' title='bbox 1701 3580 1853 3629; x_wconf 89' lang='lat' dir='ltr'>vere</span> <span class='ocrx_word' id='word_1_337' title='bbox 1901 3558 2213 3640; x_wconf 82' lang='lat' dir='ltr'>dixerim,</span> <span class='ocrx_word' id='word_1_338' title='bbox 2269 3571 2427 3649; x_wconf 88' lang='lat' dir='ltr'>opto</span> <span class='ocrx_word' id='word_1_339' title='bbox 2486 3571 2563 3628; x_wconf 92' lang='lat' dir='ltr'>ut</span> <span class='ocrx_word' id='word_1_340' title='bbox 2622 3558 2822 3629; x_wconf 87' lang='lat' dir='ltr'>foedo</span> <span class='ocrx_word' id='word_1_341' title='bbox 2884 3578 2959 3626; x_wconf 90' lang='lat' dir='ltr'>ac</span> <span class='ocrx_word' id='word_1_342' title='bbox 3001 3566 3149 3623; x_wconf 77' lang='lat' dir='ltr'>saevo</span> 
     </span>
     <span class='ocr_line' id='line_1_39' title="bbox 673 3644 3143 3736; baseline -0.002 -20"><span class='ocrx_word' id='word_1_343' title='bbox 673 3644 913 3716; x_wconf 92' lang='lat' dir='ltr'>morbo</span> <span class='ocrx_word' id='word_1_344' title='bbox 960 3668 1212 3736; x_wconf 82' lang='lat' dir='ltr'>corpus</span> <span class='ocrx_word' id='word_1_345' title='bbox 1259 3646 1690 3717; x_wconf 88' lang='lat' dir='ltr'>absumatur.</span> <span class='ocrx_word' id='word_1_346' title='bbox 1752 3670 1785 3713; x_wconf 85' lang='lat'><strong>»</strong></span> <span class='ocrx_word' id='word_1_347' title='bbox 1835 3649 2099 3717; x_wconf 89' lang='lat' dir='ltr'>Tertius</span> <span class='ocrx_word' id='word_1_348' title='bbox 2147 3660 2374 3717; x_wconf 92' lang='lat' dir='ltr'>autem</span> <span class='ocrx_word' id='word_1_349' title='bbox 2426 3647 2555 3716; x_wconf 91' lang='lat' dir='ltr'>hoc</span> <span class='ocrx_word' id='word_1_350' title='bbox 2623 3647 2859 3717; x_wconf 88' lang='lat' dir='ltr'>modo:</span> <span class='ocrx_word' id='word_1_351' title='bbox 2926 3669 2950 3706; x_wconf 75' lang='grc' dir='ltr'><strong><em>ι</em></strong></span> <span class='ocrx_word' id='word_1_352' title='bbox 2996 3646 3143 3730; x_wconf 83' lang='lat' dir='ltr'>Opto.</span> 
     </span>
     <span class='ocr_line' id='line_1_40' title="bbox 673 3732 3143 3827; baseline -0.003 -23"><span class='ocrx_word' id='word_1_353' title='bbox 673 3735 733 3804; x_wconf 89' lang='lat' dir='ltr'>si</span> <span class='ocrx_word' id='word_1_354' title='bbox 790 3756 924 3805; x_wconf 91' lang='lat' dir='ltr'>non</span> <span class='ocrx_word' id='word_1_355' title='bbox 975 3757 1127 3804; x_wconf 86' lang='lat' dir='ltr'>vere</span> <span class='ocrx_word' id='word_1_356' title='bbox 1164 3734 1480 3812; x_wconf 81' lang='lat' dir='ltr'>dixerim,</span> <span class='ocrx_word' id='word_1_357' title='bbox 1519 3747 1596 3805; x_wconf 92' lang='lat' dir='ltr'>ut</span> <span class='ocrx_word' id='word_1_358' title='bbox 1641 3732 2026 3805; x_wconf 89' lang='lat' dir='ltr'>luminibus</span> <span class='ocrx_word' id='word_1_359' title='bbox 2069 3736 2342 3827; x_wconf 89' lang='lat' dir='ltr'>penitus</span> <span class='ocrx_word' id='word_1_360' title='bbox 2391 3737 2673 3807; x_wconf 87' lang='lat' dir='ltr'>orbatus</span> <span class='ocrx_word' id='word_1_361' title='bbox 2709 3736 2916 3805; x_wconf 83' lang='lat' dir='ltr'>sim.»</span> <span class='ocrx_word' id='word_1_362' title='bbox 2952 3736 3143 3800; x_wconf 85' lang='lat' dir='ltr'>verum</span> 
     </span>
     <span class='ocr_line' id='line_1_41' title="bbox 669 3820 3149 3925; baseline -0.003 -31"><span class='ocrx_word' id='word_1_363' title='bbox 669 3822 989 3911; x_wconf 87' lang='lat' dir='ltr'>quamvis</span> <span class='ocrx_word' id='word_1_364' title='bbox 1039 3845 1239 3894; x_wconf 90' lang='lat' dir='ltr'>nemo</span> <span class='ocrx_word' id='word_1_365' title='bbox 1285 3844 1366 3894; x_wconf 87' lang='lat' dir='ltr'>ex</span> <span class='ocrx_word' id='word_1_366' title='bbox 1398 3822 1746 3905; x_wconf 85' lang='lat' dir='ltr'>fidelibus,</span> <span class='ocrx_word' id='word_1_367' title='bbox 1784 3837 2063 3925; x_wconf 91' lang='lat' dir='ltr'>propter</span> <span class='ocrx_word' id='word_1_368' title='bbox 2103 3824 2529 3895; x_wconf 89' lang='lat' dir='ltr'>nobilitatam</span> <span class='ocrx_word' id='word_1_369' title='bbox 2567 3847 2647 3895; x_wconf 89' lang='lat' dir='ltr'>ac</span> <span class='ocrx_word' id='word_1_370' title='bbox 2681 3834 2986 3895; x_wconf 89' lang='lat' dir='ltr'>testatam</span> <span class='ocrx_word' id='word_1_371' title='bbox 3017 3820 3149 3915; x_wconf 73' lang='lat' dir='ltr'>inter</span> 
     </span>
     <span class='ocr_line' id='line_1_42' title="bbox 671 3912 3147 4001; baseline -0.005 -18"><span class='ocrx_word' id='word_1_372' title='bbox 671 3934 913 3983; x_wconf 92' lang='lat' dir='ltr'>omnes</span> <span class='ocrx_word' id='word_1_373' title='bbox 957 3913 1240 3983; x_wconf 89' lang='lat' dir='ltr'>omnino</span> <span class='ocrx_word' id='word_1_374' title='bbox 1286 3912 1584 3983; x_wconf 87' lang='lat' dir='ltr'>Narcissi</span> <span class='ocrx_word' id='word_1_375' title='bbox 1633 3913 2137 3994; x_wconf 83' lang='lat' dir='ltr'>castimoniam,</span> <span class='ocrx_word' id='word_1_376' title='bbox 2181 3927 2384 4001; x_wconf 90' lang='lat' dir='ltr'>atque</span> <span class='ocrx_word' id='word_1_377' title='bbox 2431 3913 2604 3983; x_wconf 91' lang='lat' dir='ltr'>adeo</span> <span class='ocrx_word' id='word_1_378' title='bbox 2652 3914 2738 3983; x_wconf 95' lang='lat' dir='ltr'>ob</span> <span class='ocrx_word' id='word_1_379' title='bbox 2787 3912 2958 3981; x_wconf 86' lang='lat' dir='ltr'>vitae</span> <span class='ocrx_word' id='word_1_380' title='bbox 2990 3916 3147 3976; x_wconf 62' lang='lat' dir='ltr'>ratio⁴</span> 
     </span>
     <span class='ocr_line' id='line_1_43' title="bbox 676 3988 3149 4093; baseline -0.003 -23"><span class='ocrx_word' id='word_1_381' title='bbox 676 4023 829 4071; x_wconf 91' lang='lat' dir='ltr'>nem</span> <span class='ocrx_word' id='word_1_382' title='bbox 877 4022 955 4071; x_wconf 84' lang='lat' dir='ltr'>ex</span> <span class='ocrx_word' id='word_1_383' title='bbox 992 4001 1261 4072; x_wconf 88' lang='lat' dir='ltr'>virtutis</span> <span class='ocrx_word' id='word_1_384' title='bbox 1293 4001 1529 4093; x_wconf 89' lang='lat' dir='ltr'>regula</span> <span class='ocrx_word' id='word_1_385' title='bbox 1560 4001 1967 4083; x_wconf 88' lang='lat' dir='ltr'>traductam,</span> <span class='ocrx_word' id='word_1_386' title='bbox 1999 4002 2140 4072; x_wconf 92' lang='lat' dir='ltr'>illis</span> <span class='ocrx_word' id='word_1_387' title='bbox 2176 4002 2277 4072; x_wconf 87' lang='lat' dir='ltr'>vel</span> <span class='ocrx_word' id='word_1_388' title='bbox 2362 4002 2720 4072; x_wconf 87' lang='lat' dir='ltr'>ravissimo</span> <span class='ocrx_word' id='word_1_389' title='bbox 2745 3988 3149 4089; x_wconf 77' lang='lat' dir='ltr'>jurejurando</span> 
     </span>
     <span class='ocr_line' id='line_1_44' title="bbox 674 4087 3149 4188; baseline -0.002 -28"><span class='ocrx_word' id='word_1_390' title='bbox 674 4112 746 4160; x_wconf 92' lang='lat' dir='ltr'>se</span> <span class='ocrx_word' id='word_1_391' title='bbox 781 4089 1407 4181; x_wconf 88' lang='lat' dir='ltr'>obstringentibus,</span> <span class='ocrx_word' id='word_1_392' title='bbox 1460 4091 1774 4161; x_wconf 90' lang='lat' dir='ltr'>animum</span> <span class='ocrx_word' id='word_1_393' title='bbox 1825 4102 1943 4159; x_wconf 91' lang='lat' dir='ltr'>aut</span> <span class='ocrx_word' id='word_1_394' title='bbox 1993 4091 2195 4161; x_wconf 86' lang='lat' dir='ltr'>fidem</span> <span class='ocrx_word' id='word_1_395' title='bbox 2247 4114 2287 4160; x_wconf 90' lang='lat' dir='ltr'>a</span> <span class='ocrx_word' id='word_1_396' title='bbox 2343 4091 2685 4161; x_wconf 90' lang='lat' dir='ltr'>hibuerit:</span> <span class='ocrx_word' id='word_1_397' title='bbox 2750 4089 2865 4159; x_wconf 91' lang='lat' dir='ltr'>ille</span> <span class='ocrx_word' id='word_1_398' title='bbox 2913 4087 3044 4188; x_wconf 81' lang='lat' dir='ltr'>ipse</span> <span class='ocrx_word' id='word_1_399' title='bbox 3080 4092 3149 4149; x_wconf 68' lang='lat' dir='ltr'>ta·</span> 
     </span>
     <span class='ocr_line' id='line_1_45' title="bbox 676 4178 3150 4271; baseline -0.001 -25"><span class='ocrx_word' id='word_1_400' title='bbox 676 4199 830 4247; x_wconf 90' lang='lat' dir='ltr'>men</span> <span class='ocrx_word' id='word_1_401' title='bbox 874 4181 1117 4268; x_wconf 90' lang='lat' dir='ltr'>partim</span> <span class='ocrx_word' id='word_1_402' title='bbox 1164 4201 1327 4270; x_wconf 90' lang='lat' dir='ltr'>prae</span> <span class='ocrx_word' id='word_1_403' title='bbox 1375 4178 1784 4271; x_wconf 85' lang='lat' dir='ltr'>indignitate</span> <span class='ocrx_word' id='word_1_404' title='bbox 1839 4179 2144 4268; x_wconf 90' lang='lat' dir='ltr'>objectae</span> <span class='ocrx_word' id='word_1_405' title='bbox 2177 4180 2707 4261; x_wconf 80' lang='lat' dir='ltr'>criminationiS,</span> <span class='ocrx_word' id='word_1_406' title='bbox 2764 4190 2997 4269; x_wconf 79' lang='lat' dir='ltr'>partim</span> <span class='ocrx_word' id='word_1_407' title='bbox 3027 4186 3150 4263; x_wconf 66' lang='lat' dir='ltr'>prae</span> 
     </span>
    </p>
   </div>
   <div class='ocr_carea' id='block_1_6' title="bbox 670 4388 3151 4548">
    <p class='ocr_par' dir='ltr' id='par_1_8' title="bbox 670 4388 3151 4548">
     <span class='ocr_line' id='line_1_46' title="bbox 723 4388 2586 4441; baseline 0.003 -14"><span class='ocrx_word' id='word_1_408' title='bbox 723 4388 749 4413; x_wconf 70' lang='lat'><em>⁶</em></span> <span class='ocrx_word' id='word_1_409' title='bbox 779 4388 823 4428; x_wconf 82' lang='grc'>8.</span> <span class='ocrx_word' id='word_1_410' title='bbox 856 4391 1117 4431; x_wconf 65' lang='lat' dir='ltr'>Alexander</span> <span class='ocrx_word' id='word_1_411' title='bbox 1135 4392 1213 4441; x_wconf 81' lang='lat' dir='ltr'>Ep.</span> <span class='ocrx_word' id='word_1_412' title='bbox 1239 4396 1287 4432; x_wconf 78' lang='lat' dir='ltr'>et.</span> <span class='ocrx_word' id='word_1_413' title='bbox 1306 4391 1441 4433; x_wconf 64' lang='lat' dir='ltr'>Mart.</span> <span class='ocrx_word' id='word_1_414' title='bbox 1460 4389 1536 4432; x_wconf 82' lang='lat' dir='ltr'>die</span> <span class='ocrx_word' id='word_1_415' title='bbox 1557 4393 1608 4432; x_wconf 80' lang='lat'>18</span> <span class='ocrx_word' id='word_1_416' title='bbox 1627 4393 1791 4433; x_wconf 69' lang='lat' dir='ltr'>martii</span> <span class='ocrx_word' id='word_1_417' title='bbox 1810 4394 1997 4435; x_wconf 78' lang='lat' dir='ltr'>colitur.</span> <span class='ocrx_word' id='word_1_418' title='bbox 2020 4393 2138 4432; x_wconf 74' lang='lat' dir='ltr'>Vide</span> <span class='ocrx_word' id='word_1_419' title='bbox 2156 4391 2338 4432; x_wconf 68' lang='lat' dir='ltr'>Surium</span> <span class='ocrx_word' id='word_1_420' title='bbox 2358 4390 2468 4441; x_wconf 76' lang='lat' dir='ltr'>(vol.</span> <span class='ocrx_word' id='word_1_421' title='bbox 2487 4393 2586 4439; x_wconf 80' lang='lat'>111).</span> 
     </span>
     <span class='ocr_line' id='line_1_47' title="bbox 726 4436 3151 4495; baseline 0.002 -14"><span class='ocrx_word' id='word_1_422' title='bbox 726 4442 780 4467; x_wconf 53' lang='grc' dir='ltr'><em>ἠ</em></span> <span class='ocrx_word' id='word_1_423' title='bbox 811 4442 853 4481; x_wconf 80' lang='grc' dir='ltr'>Β.</span> <span class='ocrx_word' id='word_1_424' title='bbox 883 4444 1142 4489; x_wconf 66' lang='lat' dir='ltr'>Narcissus,</span> <span class='ocrx_word' id='word_1_425' title='bbox 1166 4446 1280 4485; x_wconf 80' lang='lat' dir='ltr'>dum</span> <span class='ocrx_word' id='word_1_426' title='bbox 1306 4445 1627 4495; x_wconf 64' lang='lat' dir='ltr'>episcopatum</span> <span class='ocrx_word' id='word_1_427' title='bbox 1653 4448 2098 4495; x_wconf 67' lang='lat' dir='ltr'>serosotymttsuum</span> <span class='ocrx_word' id='word_1_428' title='bbox 2130 4447 2315 4485; x_wconf 73' lang='lat' dir='ltr'>teneret</span> <span class='ocrx_word' id='word_1_429' title='bbox 2338 4457 2445 4485; x_wconf 84' lang='lat' dir='ltr'>cum</span> <span class='ocrx_word' id='word_1_430' title='bbox 2476 4447 2518 4484; x_wconf 76' lang='lat'>8.</span> <span class='ocrx_word' id='word_1_431' title='bbox 2547 4446 2807 4495; x_wconf 71' lang='lat' dir='ltr'>Theophila</span> <span class='ocrx_word' id='word_1_432' title='bbox 2837 4438 3026 4484; x_wconf 62' lang='grc' dir='ltr'><strong>00110Μο</strong></span> <span class='ocrx_word' id='word_1_433' title='bbox 3048 4436 3151 4487; x_wconf 57' lang='lat'>“⁸“</span> 
     </span>
     <span class='ocr_line' id='line_1_48' title="bbox 670 4493 3013 4548; baseline 0 -13"><span class='ocrx_word' id='word_1_434' title='bbox 670 4493 774 4540; x_wconf 73' lang='lat' dir='ltr'>mit.</span> <span class='ocrx_word' id='word_1_435' title='bbox 791 4498 916 4545; x_wconf 80' lang='lat' dir='ltr'>quod</span> <span class='ocrx_word' id='word_1_436' title='bbox 935 4497 984 4536; x_wconf 79' lang='lat' dir='ltr'>in</span> <span class='ocrx_word' id='word_1_437' title='bbox 1003 4495 1281 4544; x_wconf 59' lang='lat' dir='ltr'>alseatina,</span> <span class='ocrx_word' id='word_1_438' title='bbox 1300 4509 1419 4539; x_wconf 74' lang='lat' dir='ltr'>anno</span> <span class='ocrx_word' id='word_1_439' title='bbox 1442 4501 1530 4545; x_wconf 76' lang='lat'><strong>195.</strong></span> <span class='ocrx_word' id='word_1_440' title='bbox 1550 4510 1763 4540; x_wconf 70' lang='lat' dir='ltr'>coactum</span> <span class='ocrx_word' id='word_1_441' title='bbox 1783 4501 1875 4541; x_wconf 71' lang='lat' dir='ltr'>{uit</span> <span class='ocrx_word' id='word_1_442' title='bbox 1896 4501 1953 4540; x_wconf 74' lang='lat' dir='ltr'>ad</span> <span class='ocrx_word' id='word_1_443' title='bbox 1974 4501 2278 4540; x_wconf 72' lang='lat' dir='ltr'>statuendum</span> <span class='ocrx_word' id='word_1_444' title='bbox 2297 4499 2421 4540; x_wconf 78' lang='lat' dir='ltr'>diem</span> <span class='ocrx_word' id='word_1_445' title='bbox 2441 4500 2756 4540; x_wconf 71' lang='lat' dir='ltr'>solemnitatis</span> <span class='ocrx_word' id='word_1_446' title='bbox 2776 4496 3013 4548; x_wconf 67' lang='lat' dir='ltr'>pasch-uu.</span> 
     </span>
    </p>
   </div>
   <div class='ocr_carea' id='block_1_7' title="bbox 3247 3595 3257 4764">
    <p class='ocr_par' dir='ltr' id='par_1_9' title="bbox 3247 3595 3257 4764">
     <span class='ocr_line' id='line_1_49' title="bbox 3247 3595 3257 4764; baseline 0 0"><span class='ocrx_word' id='word_1_447' title='bbox 3247 3595 3257 4764; x_wconf 95' lang='lat' dir='ltr'> </span> 
     </span>
    </p>
   </div>
  </div>
 </body>
</html>
