3347 4999
67 336 259 401 JCT.
319 335 357 399 3
820 353 897 398 nr,
947 352 1001 398 S.
1059 352 1365 399 PETRONIO
1415 323 1613 400 ariscss
1669 353 1895 400 Boxox.
2426 337 2539 399 l2l1l

169 440 209 525 ξ
260 442 398 510 11.
455 437 842 520 Quinetiam
907 459 980 506 ro
1034 451 1151 506 atu
1212 450 1487 507 sanctae
1546 437 1865 508 Julianae
1926 438 2169 507 viduae
2206 494 2220 520 ,
2275 439 2635 508 ecclesiam

67 526 349 596 sanctis
397 524 597 594 Vitali
644 538 709 594 et
756 525 998 615 Agrico
1032 546 1109 594 ae
1149 526 1594 605 consecravit,
1647 548 1854 613 quam
1909 526 2490 596 exaedificandam
2564 549 2641 595 eo

67 615 238 685 loco
292 615 584 704 pecunia
637 637 761 683 sua
803 616 1113 694 curarat,
1195 613 1313 683 ubi
1375 613 1478 682 illi
1530 607 1866 715 martyres
1926 615 2293 684 excruciati
2344 615 2636 685 fuerant.

67 709 171 773 Ne
227 724 396 785 vero
440 702 605 789 quid
658 701 891 783 officii,
945 702 1128 789 quod
1182 725 1232 770 a
1270 724 1343 772 se
1391 702 1734 792 proficiscl
1787 717 2035 794 posset,
2089 725 2251 795 erga
2303 703 2635 804 populum

67 793 589 862 Bononiensem
644 791 1231 881 praetermitteret,
1285 790 2153 881 Theodosii-imperatoriS,
2209 814 2322 862 cut
2362 793 2641 862 carissi-

67 902 245 950 mus
296 893 464 960 erat,
518 892 583 949 et
632 880 886 948 civium
938 880 1501 960 Bononiensium‚
1563 902 1738 968 quos
1793 881 1996 950 unice
2046 881 2113 949 in
2167 880 2430 951 Christo
2490 880 2644 949 dili-

67 971 316 1060 gebat,
368 968 628 1038 auxilio
683 990 901 1049 usuS‚
954 969 1150 1043 urbis
1199 969 1532 1038 ambitum
1601 970 1812 1039 auxit.
1881 971 2001 1041 His
2051 969 2262 1060 igitur
2322 969 2646 1060 operibus

67 1057 438 1148 persectiS,
495 1058 740 1127 beatus
776 1058 1133 1127 Petronius
1172 1058 1542 1214 episcopus
1591 1058 2249 1148 Constantinopolim
2303 1079 2636 1136 reversus,

67 1161 213 1237 pro
254 1169 361 1227 ea,
403 1169 541 1234 qua
592 1145 887 1216 multum
926 1146 1108 1236 apud
1162 1151 1208 1215 T
1263 1145 1617 1216 eodosium
1656 1146 1944 1228 valebat,
1981 1147 2382 1217 auctoritate
2414 1168 2644 1217 sacras

67 1235 348 1305 multas
396 1257 476 1304 ex
509 1257 588 1304 ea
637 1234 807 1304 urbe
842 1235 1133 1321 aliisque
1181 1235 1350 1304 locis
1399 1235 1726 1322 reliquias
1764 1234 2217 1305 transferendi
2249 1234 2638 1306 facultatem

66 1324 506 1414 impetravit.
553 1324 818 1406 Quibus
866 1323 1202 1410 reliquiis,
1261 1345 1413 1393 mox
1473 1324 1754 1393 demum
1807 1324 1966 1394 inde
2031 1346 2424 1415 regressus,
2479 1346 2635 1392 cum

67 1413 219 1484 alia
275 1413 392 1482 Dei
444 1411 696 1502 templa
745 1435 779 1480 a
833 1434 905 1483 se
935 1411 1534 1493 constructa,'tum
1572 1413 2168 1503 imprimisipsam
2209 1417 2273 1483 S.
2320 1412 2641 1502 Stephani

67 1501 512 1582 ecclesiam,
567 1523 647 1570 ac
696 1500 947 1570 sacella
1012 1500 1098 1569 ad
1149 1504 1398 1571 Cruces
1443 1514 1783 1588 quatuor,
1839 1524 2013 1589 quas
2063 1502 2242 1571 idem
2293 1514 2637 1576 erexerat,

67 1590 452 1670 collocata,
508 1589 826 1681 religiose
859 1590 1107 1679 pieque
1154 1590 1443 1658 ornavit.

179 1681 217 1766 ξ
270 1682 419 1750 12.
449 1682 642 1748 ‚Cum
680 1701 865 1769 ergo,
905 1676 1085 1765 quod
1139 1699 1217 1746 ex
1266 1676 1649 1747 litterarum
1714 1691 2124 1766 sanctaeque
2175 1680 2347 1748 vitae
2397 1678 2644 1748 studiis

67 1771 228 1858 jam
285 1766 688 1837 adolescens
749 1767 1108 1837 Petronius
1163 1766 1538 1857 prudenter
1586 1789 1664 1836 ac
1716 1767 1824 1857 pie
1885 1782 2313 1858 conceperat,
2370 1767 2439 1836 id
2492 1768 2645 1857 Epi-

85 1878 380 1945 scopuS,
435 1868 788 1942 tamquam
842 1854 1077 1946 populi
1119 1855 1227 1925 sui
1277 1877 1526 1945 parens
1574 1869 1638 1925 et
1688 1856 2035 1947 magister,
2092 1855 2403 1947 exemplo
2438 1858 2633 1935 vitae,

77 1943 509 2034 pietatisque
555 1944 905 2033 operibus,
951 1956 1154 2030 atque
1212 1945 1403 2013 omni
1460 1943 1824 2034 pastoralis
1881 1945 2370 2015 sollicitudinis
2418 1944 2643 2014 officio

87 2035 641 2120 comprobasset,
699 2032 994 2102 Ecclesia
1043 2033 1455 2101 Bononiensi
1519 2032 1783 2121 aliquot
1843 2056 2062 2104 annos
2119 2033 2634 2114 administram,

88 2120 401 2190 mirifice
449 2119 707 2211 profuit
738 2135 801 2191 et
847 2121 1140 2191 civitatis
1191 2121 1449 2210 pietati,
1503 2134 1567 2191 et
1612 2122 1808 2191 urbis
1865 2136 2292 2192 ornamento.
2359 2127 2640 2191 Demum

86 2231 261 2280 cum
316 2211 386 2278 in
424 2209 740 2279 morbum
794 2209 1172 2292 incidisset,
1200 2231 1338 2297 quo
1387 2211 1456 2279 in
1507 2210 1653 2281 dies
1701 2212 2237 2300 ingravescente,
2270 2212 2499 2282 obitus
2538 2212 2644 2279 sui

86 2311 379 2399 tempus
427 2298 683 2368 instare
731 2299 1033 2379 sentiret,
1070 2297 1357 2369 clericos
1405 2298 1489 2368 ad
1541 2321 1613 2368 se
1661 2322 1823 2370 suos
1871 2300 2177 2382 vocavit,
2239 2302 2476 2387 eisque
2525 2305 2646 2369 Ec-

82 2386 383 2457 clesiam
434 2409 515 2456 ac
560 2387 770 2457 fidem
821 2387 1293 2468 orthodoxam,
1347 2410 1555 2474 quam
1606 2389 2017 2478 gravissima
2068 2390 2288 2479 potuit
2332 2388 2638 2459 oratione

86 2474 632 2547 commendavit.
690 2476 899 2547 Paulo
948 2489 1100 2567 post
1138 2499 1296 2547 cum
1349 2477 1583 2546 omnia
1632 2491 2064 2548 sacramenta
2115 2477 2430 2581 religiose
2490 2501 2643 2569 per-

85 2565 413 2656 cepisset,
475 2571 682 2635 Deum
725 2579 957 2636 sancte
1005 2580 1347 2655 precatuS,
1389 2566 1764 2636 Theodosio
1813 2582 1877 2637 et
1924 2568 2399 2638 Valentiniano
2433 2567 2649 2657 impe-

96 2654 452 2724 ratoribus
487 2710 503 2735 ‚
559 2654 880 2745 migravit
928 2653 1013 2722 ad
1077 2654 1392 2724 coelum:
1446 2655 1567 2742 qui
1617 2656 1855 2726 multis
1914 2658 2118 2727 etiam
2180 2672 2331 2748 post
2378 2656 2639 2725 obitum

94 2743 460 2812 miraculis
488 2742 741 2824 clarus,
769 2756 846 2812 ut
870 2744 1241 2834 praecipua
1276 2766 1314 2812 a
1340 2744 1893 2814 Bononiensibus
1924 2744 2262 2815 coleretur
2287 2744 2641 2834 religione.

96 2832 502 2921 promeruit.
540 2833 705 2922 Ejus
751 2854 1004 2922 corpus
1035 2832 1104 2900 in
1138 2832 1424 2902 ecclesia
1454 2837 1517 2901 S.
1553 2833 1882 2923 Stephani
1917 2833 2263 2923 sepultum
2302 2846 2425 2913 est,
2462 2833 2646 2919 quod

92 2919 339 2990 multis
382 2935 529 3009 post
577 2920 832 2990 seculis
880 2920 1115 2990 divino
1163 2921 1451 2991 consilio
1500 2922 1756 2991 civitati
1823 2923 2185 3011 ignotum,
2236 2922 2634 2991 Innocentio

98 3008 406 3079 secundo
453 3009 779 3079 Pontifice
823 3009 1049 3098 (anno
1099 3010 1317 3098 nexu)
1364 3010 1721 3080 inventum
1776 3024 1922 3091 est,
1993 3011 2159 3080 dum
2213 3033 2444 3081 sacras
2494 3010 2648 3078 reli-

96 3099 302 3185 quias
351 3098 689 3168 Henricus
720 3097 1090 3188 episcopus
1132 3111 1535 3177 recenseret,
1580 3121 1756 3186 quas
1807 3099 1873 3166 in
1926 3121 2005 3172 ea
2046 3097 2341 3169 Ecclesia
2389 3111 2638 3173 extare,

96 3210 139 3256 a
184 3187 562 3276 majoribus
616 3187 939 3257 traditum
992 3200 1158 3257 erat.
1215 3192 1451 3274 Itaque
1501 3188 1771 3256 invento
1802 3187 1980 3257 beati
2014 3188 2317 3279 episcopi
2352 3188 2646 3256 Petronii

95 3298 411 3365 corpore,
467 3279 805 3345 sancitum
858 3288 981 3356 est,
1028 3289 1103 3345 ut
1148 3297 1285 3362 quo
1334 3276 1445 3345 die
1492 3274 1686 3345 illius
1735 3276 1989 3353 obitus,
2035 3276 2272 3346 eodem
2310 3277 2649 3347 coleretur

96 3364 457 3443 inventiO‚
516 3364 775 3433 biennii
842 3362 1272 3454 indulgentia
1330 3365 1399 3432 in
1467 3377 1614 3434 octo
1675 3370 2032 3451 sequentes
2099 3366 2247 3436 dies
2295 3369 2644 3436 concessa.

96 3464 321 3537 Quam
371 3453 459 3523 ob
492 3474 771 3521 causam
808 3453 1301 3522 canonicarum
1340 3453 1665 3522 horarum
1718 3453 2023 3523 officium
2053 3510 2066 3535 ,
2101 3455 2415 3542 jaminde
2448 3456 2534 3523 ab
2567 3476 2646 3523 eo

99 3555 411 3632 tempore
458 3542 527 3609 in
578 3542 726 3629 ejus
775 3541 1104 3611 honorem
1157 3555 1391 3612 sancte
1436 3541 1858 3623 institutum,
1899 3542 2039 3611 illis
2072 3556 2222 3613 octo
2262 3543 2509 3613 diebus
2541 3545 2647 3632 pie

100 3629 557 3720 religioseque
593 3642 918 3719 perpetuo
948 3629 1247 3699 celebrat
1283 3630 1579 3699 Ecclesia
1615 3631 2067 3702 Bononiensis
2107 3632 2162 3698 ²⁶.

163 3832 189 3856 ²*
217 3828 510 3879 Magnificum
540 3828 833 3883 s.,1>etron10
863 3830 1002 3878 atque
1031 3830 1136 3877 ejus
1154 3829 1396 3869 condendo
1436 3827 1618 3879 corpori
1654 3832 1992 3876 Bononienses,
2010 3832 2198 3871 saeculo
2219 3832 2561 3879 xiv,temp1um
2581 3841 2652 3871 cx-

104 3886 328 3929 citarunt,
356 3882 480 3931 quod
508 3881 736 3922 Basilicae
764 3882 907 3922 titulo
941 3882 1212 3922 decoratum
1241 3888 1334 3924 est:
1368 3885 1509 3932 atque
1539 3881 1773 3926 solemnes
1796 3884 1842 3925 in
1863 3882 2015 3934 ipsius
2035 3885 2260 3926 honorem
2282 3883 2653 3934 supplicationes

103 3936 378 3987 frequenter
408 3934 731 3976 instituerunt.
