3347 4999
685 234 813 297 258
1463 248 1541 294 nn
1590 248 1641 294 s.
1700 245 1964 294 pamm».
2012 245 2256 292 rossmr.
2867 228 3043 294 OCT.
3096 232 3138 294 8

597 335 666 403 in
719 332 1018 402 sublime
1069 332 1327 411 volanS,
1379 353 1664 432 prorsus
1718 353 1757 400 a
1793 351 1942 399 meo
1974 342 2348 420 conspectu
2389 329 2965 399 subduceretur.»
2994 336 3139 401 Hoc

597 423 945 491 somnium
1010 444 1166 490 cum
1223 419 1394 490 mihi
1453 432 1734 490 sanctus
1780 419 2161 509 Episcopus
2224 432 2605 500 narrasset,
2675 419 3140 509 apprehendit

598 533 733 591 me,
778 524 842 579 et
891 508 1099 579 simul
1142 509 1560 578 accessimus
1609 507 1692 576 ad
1744 529 2090 577 summam
2142 506 2378 575 aedem
2431 529 2589 576 cum
2643 510 2927 577 caeteris
2978 510 3143 599 Epi-

597 599 857 689 scopiS,
912 609 976 667 ct
1013 599 1164 687 ejus
1212 597 1503 666 civitatis
1552 597 1969 687 Episcopum
2024 595 2501 665 salutavimus.

686 690 721 775 ξ
768 694 854 758 ὅ.
908 691 1271 775 Ingressus
1319 699 1544 754 autem
1600 686 1712 754 ille
1747 686 2149 775 Episcopus,
2186 705 2458 754 omnem
2504 686 2837 775 populum
2884 685 3143 755 adhor-

599 788 780 847 tatus
826 787 965 845 est:
1001 797 1300 862 cumque
1335 774 1672 844 sedissent
1699 774 2035 843 antistites
2071 775 2137 842 in
2178 772 2442 842 thronis
2478 775 2650 855 suiS,
2684 787 2833 864 post
2858 797 3140 844 omnem

597 864 1004 934 canonicam
1068 864 1590 933 celebrationem
1657 875 1722 931 et
1780 864 1999 931 sancti
2064 862 2410 953 Evangelii
2482 862 2889 943 lectionem,
2949 864 3135 933 idem

594 953 889 1022 civitatis
939 952 1319 1043 Episcopus
1370 951 1665 1043 porrexit
1721 952 2117 1020 beatissimo
2180 957 2419 1021 Nonno
2457 965 2772 1021 sanctum
2826 958 3137 1043 Evange-

595 1042 796 1123 lium,
853 1042 1131 1111 hortans
1177 1063 1361 1122 eum,
1415 1054 1491 1110 ut
1541 1042 1741 1110 verba
1793 1040 2042 1109 faceret
2087 1040 2171 1109 ad
2210 1039 2569 1131 populum.
2624 1047 2792 1111 Tum
2832 1041 2944 1110 ille
2976 1063 3145 1131 ape-

596 1131 778 1200 riens
828 1152 903 1200 os
965 1152 1196 1211 suum,
1254 1129 1663 1216 loquebatur
1711 1129 1822 1199 Dei
1878 1130 2309 1218 sapientiam,
2348 1151 2524 1215 quae
2572 1129 2641 1198 in
2675 1131 2826 1220 ejus
2867 1143 3140 1220 pectore

597 1220 728 1288 sibi
778 1218 1026 1288 fecerat
1064 1218 1522 1298 domicilium3
1563 1240 1687 1287 nec
1735 1219 2108 1306 quicquam
2144 1218 2295 1308 ejus
2328 1239 2553 1287 sermo
2586 1218 2929 1288 humanae
2963 1219 3143 1288 artis

598 1320 716 1376 aut
813 1307 1032 1377 hiloso
1087 1306 1225 1376 hici
1282 1306 1682 1398 supercilii,
1738 1306 1911 1376 nihil
1970 1308 2307 1377 exoticum
2378 1319 2494 1375 aut
2543 1329 3135 1398 supervacaneum

599 1397 764 1466 redo
794 1399 906 1465 ere
955 1397 1015 1464 vi
1071 1398 1346 1466 ebatur:
1383 1395 1498 1465 sed
1550 1418 1706 1465 cum
1759 1408 1933 1465 esset
1983 1396 2228 1485 plenus
2279 1395 2536 1485 Spiritu
2587 1400 2855 1477 Sancto,
2890 1418 3139 1487 argue-

595 1484 713 1555 bat
751 1498 816 1554 et
863 1485 1276 1555 admonebat
1326 1485 1618 1575 plebem,
1676 1484 2137 1555 sincerissime
2187 1485 2472 1571 loquens
2521 1483 2605 1552 de
2654 1484 2888 1554 futuro
2936 1486 3134 1585 judi-

598 1574 738 1655 ci0,
778 1585 842 1643 et
875 1575 1075 1643 honis
1109 1574 1578 1664 sempiterniS,
1618 1595 1795 1660 quae
1831 1572 2132 1663 reposuit
2168 1578 2343 1642 Deus
2378 1574 2605 1664 ipsum
2649 1573 3131 1664 diligentibus.

595 1668 807 1731 Tanta
847 1676 1071 1732 autem
1123 1662 1250 1732 fuit
1292 1664 1388 1733 vis
1439 1675 1502 1731 et
1552 1661 1856 1732 efficacia
1910 1662 2296 1743 verborum,
2335 1683 2510 1749 quac
2548 1683 2666 1751 per
2697 1684 2855 1732 eum
2894 1662 3137 1749 loque-

599 1752 801 1820 batur
851 1752 1145 1841 Spiritus
1188 1756 1513 1832 SanctuS,
1563 1764 1639 1819 ut
1692 1751 1991 1841 populus
2033 1751 2203 1820 mire
2257 1762 2748 1840 compunctus,
2804 1750 3134 1820 ecclesiae

599 1840 1067 1929 pavimentum
1136 1840 1281 1910 suis
1347 1839 1671 1929 lacrymis
1741 1840 2072 1930 irrigaret.
2136 1838 2394 1908 Accidit
2446 1852 2672 1907 autem
2712 1896 2726 1921 ,
2768 1839 3000 1909 divina
3060 1840 3131 1908 id

599 1942 842 2018 agente
893 1928 1389 2010 misericordia,
1453 1943 1527 1997 ut
1574 1928 1656 1996 ad
1713 1951 1860 1997 eam
1914 1928 2269 1997 ecclesiam
2316 1928 2518 1996 etiam
2572 1928 2738 1998 haec
2782 1929 3126 2010 meretrix,

597 2016 681 2085 de
729 2038 865 2103 qua
909 2016 1052 2106 jam
1105 2016 1432 2098 diximus,
1470 2029 1535 2085 et
1589 2017 1772 2105 quod
1828 2017 2080 2086 mirum
2136 2028 2258 2096 est,
2292 2017 2436 2106 jam
2489 2018 2981 2086 catechumena
3018 2040 3134 2086 ve-

597 2106 818 2187 niret,
885 2127 1042 2174 cum
1101 2127 1454 2191 nunquam
1506 2105 1648 2175 ulla
1700 2106 1762 2174 ei
1810 2128 1977 2175 cura
2026 2105 2264 2176 fuisset
2316 2119 2746 2196 peccatorum
2808 2128 3125 2186 suorum,

597 2216 722 2263 nec
770 2215 1078 2280 unquam
1132 2194 1215 2262 ad
1272 2193 1601 2284 templum
1665 2195 2086 2265 accessisset.
2161 2200 2397 2281 Itaque
2461 2195 2687 2264 subito
2742 2194 2977 2264 divino
3028 2206 3130 2265 est

595 2297 1008 2371 compuncta
1057 2282 1321 2363 timore,
1375 2305 1532 2353 cum
1589 2295 1868 2353 sanctus
1916 2290 2197 2354 Nonnus
2244 2284 2313 2350 in
2415 2295 2637 2352 eccata
2675 2283 2910 2374 populi
2945 2284 3127 2352 inve-

594 2369 892 2452 heretur,
935 2372 1026 2440 ita
1060 2384 1135 2441 ut
1169 2370 1560 2462 desperaret
1621 2372 1706 2441 de
1763 2394 1879 2453 se,
1927 2386 1990 2441 et
2021 2371 2334 2462 copiosos
2393 2393 2829 2461 acrymarum
2871 2373 3127 2441 imbres

594 2480 672 2528 ex
714 2459 859 2529 suis
893 2459 1207 2530 funderet
1253 2460 1496 2543 oculiS,
1537 2482 1660 2530 nec
1696 2459 1840 2530 ullo
1875 2462 2077 2532 modo
2122 2462 2248 2531 sibi
2301 2483 2339 2530 a
2383 2460 2704 2551 lacrymis
2751 2474 3126 2553 temperare

596 2562 843 2639 posset.
883 2555 1028 2620 Mox
1061 2572 1215 2619 vero
1251 2551 1594 2640 praecepit
1626 2550 1901 2621 duobus
1932 2552 2162 2641 pueris
2190 2551 2357 2630 suis,
2395 2565 2471 2622 ut
2502 2573 2580 2621 eo
2610 2553 2675 2620 in
2714 2550 2858 2620 loco
2892 2572 3129 2641 exspe-

592 2649 875 2719 ctarent,
914 2639 1131 2708 donec
1161 2639 1597 2730 egrederetur
1629 2652 1910 2711 sanctus
1944 2646 2224 2712 Nonnus
2257 2640 2646 2730 episcopuS,
2677 2662 2974 2728 eumque
3004 2640 3125 2709 ab-

591 2739 863 2796 euntem
889 2742 1362 2815 sequerentur,
1404 2729 1842 2815 viderentque
1874 2750 2011 2816 quo
2043 2729 2424 2811 diverteret,
2465 2730 2671 2816 idque
2704 2730 2837 2820 ipsi
2874 2751 3126 2799 renun-

590 2816 873 2885 ciarent.
915 2822 1244 2887 Fecerunt
1275 2818 1492 2907 pueri,
1520 2817 1701 2904 quod
1742 2818 1901 2886 hera
1929 2817 2266 2905 jusserat3
2305 2841 2564 2905 nosque
2598 2820 3119 2906 subsequenteS,

589 2908 833 2973 venere
883 2906 1243 2976 nobiscum
1300 2907 1364 2974 in
1421 2906 1775 2975 basilicam
1828 2906 2207 2976 beatissimi
2259 2907 2579 2996 martyris
2635 2907 2940 2988 Juliani,
3001 2907 3122 2976 ubi

589 2993 790 3063 nobis
826 2993 1199 3085 hospitium
1238 2995 1377 3064 sive
1426 2994 1672 3063 cellula
1723 3008 1888 3064 erat.
1943 2994 2111 3064 Inde
2159 3007 2383 3065 autem
2444 2997 2745 3085 egressi,
2803 2996 3125 3066 abierunt

589 3082 670 3150 ad
717 3082 949 3151 heram
1004 3107 1227 3164 suam,
1271 3084 1803 3170 indicaruntque
1850 3084 1949 3164 ei,
2014 3089 2329 3155 Nonnum
2373 3085 2769 3175 episcopum
2826 3085 2891 3153 in
2943 3084 3124 3154 beati

586 3170 846 3239 Juliani
900 3184 1073 3242 mart
1126 3173 1220 3241 ris
1258 3172 1544 3242 basilica
1580 3194 1891 3247 manere..

679 3260 714 3344 ξ
762 3263 855 3330 Β.
893 3260 968 3328 ld
1017 3261 1061 3328 il
1098 3284 1136 3330 a
1170 3261 1483 3343 audiens,
1543 3283 1697 3330 mox
1740 3284 1860 3352 per
1905 3261 2177 3331 eosdem
2217 3284 2465 3352 pueros
2500 3261 2758 3331 litteras
2793 3261 2996 3331 mittit
3028 3261 3119 3329 ad

591 3347 1034 3436 Episcopum,
1086 3350 1267 3419 hunc
1306 3350 1371 3419 in
1411 3350 1689 3420 modum
1730 3350 2056 3440 scriptas:
2096 3374 2132 3417 «
2168 3355 2412 3420 Sancto
2446 3350 2790 3442 discipulo
2840 3350 3114 3430 Christi,

589 3435 930 3525 peccatrix
978 3448 1042 3504 et
1080 3437 1422 3529 discipula
1464 3439 1743 3508 diaboli.
1781 3439 2024 3509 Audivi
2056 3439 2140 3509 de
2174 3445 2304 3509 Deo
2340 3452 2476 3522 tuo,
2528 3440 2708 3528 quod
2755 3438 2973 3510 coelos
3006 3438 3121 3506 in-

587 3522 881 3604 clinans,
936 3523 1365 3597 descenderit
1413 3528 1479 3596 in
1533 3542 1769 3607 terras,
1826 3550 1957 3598 non
2062 3542 2288 3620 ropter
2323 3530 2573 3618 justOS‚
2610 3529 2725 3598 sed
2760 3541 2836 3599 ut
2876 3550 3120 3618 pecca-

588 3624 764 3713 tores
814 3612 1062 3684 faceret
1102 3616 1364 3697 salvos;
1419 3640 1635 3704 usque
1682 3617 1852 3688 adeo
1901 3642 1972 3689 se
2071 3617 2423 3699 umilianS,
2464 3630 2537 3686 ut
2578 3617 2968 3708 publicanis
3023 3616 3125 3685 fa-

586 3701 946 3772 miliariter
993 3725 1065 3773 se
1113 3705 1549 3796 adjunxerit,
1594 3719 1658 3775 et
1722 3707 1801 3788 is,
1850 3707 1918 3775 in
1969 3728 2169 3794 quem
2243 3706 2608 3777 Cherubim
2664 3728 2794 3777 non
2862 3707 3123 3776 audent

587 3791 947 3879 respicere,
993 3817 1150 3863 cum
1206 3795 1678 3884 peccatoribus
1715 3808 2019 3866 versatus
2053 3795 2160 3865 sit.
2210 3801 2287 3865 Et
2327 3808 2435 3877 tu,
2480 3795 2574 3864 mi
2627 3796 2929 3879 domine,
2998 3798 3121 3883 qui

585 3878 799 3980 mul-ta
857 3903 929 3951 es
980 3882 1331 3972 praeditus
1397 3882 1794 3966 sanctitate,
1851 3885 2123 3955 tametsi
2170 3884 2517 3975 corporeis
2565 3885 2783 3955 oculis
2834 3906 2969 3954 non
3023 3887 3127 3955 vi-

582 3967 744 4037 distl
785 3970 1172 4054 Christum,
1211 3972 1329 4061 qui
1373 3971 1473 4042 illi
1527 3974 1867 4043 meretrici
1911 3973 2379 4043 Samaritanae
2412 3995 2484 4043 se
2521 3972 3115 4045 humanissimum

581 4058 892 4129 exhibuit
939 4062 1124 4151 apud
1169 4074 1449 4152 puteum
1484 4085 1499 4130 ε
1538 4074 1606 4131 at
1656 4074 1879 4132 tamen
1933 4085 2134 4134 verus
2169 4062 2359 4134 illius
2394 4062 2618 4133 cultor
2654 4086 2750 4144 es,
2784 4065 3123 4150 quemad-w

582 4146 866 4217 modum
919 4172 958 4218 a
1007 4152 1413 4221 Christianis
1477 4152 1734 4241 accepi.
1788 4152 1979 4235 Quod
2047 4152 2104 4220 si
2160 4152 2252 4222 ita
2300 4165 2446 4235 est,
2500 4164 2565 4221 et
2621 4151 2811 4224 illius
2866 4151 3117 4225 Christi

580 4256 784 4306 verus
821 4237 1211 4330 discipulus
1242 4262 1313 4310 es
1345 4295 1360 4322 ,
1403 4261 1537 4309 non
1599 4263 1708 4312 me
1755 4240 2119 4332 despicias,
2168 4265 2290 4333 per
2338 4254 2400 4312 te
2447 4241 2838 4332 cupientem
2883 4242 3120 4313 venire

582 4328 662 4395 ad
699 4342 1140 4418 conspectum
1183 4329 1572 4413 SalvatoriS,
1616 4341 1683 4401 et
1715 4329 1905 4401 illius
1944 4332 2452 4404 sanctissimam
2487 4330 2728 4401 faciem
2781 4330 3124 4402 intueri.»
