3347 4999
693 297 823 361 298
1274 314 1352 359 mr.
1401 313 1451 359 s.
1510 312 1815 361 Lvnovico
1864 310 2233 362 summano
2282 312 2464 360 eorm.
2877 296 3051 364 OCT.
3110 302 3156 365 9

694 404 730 487 ξ
778 405 926 472 12.
966 399 1059 468 Ab
1095 399 1263 489 ipsis
1295 397 1486 466 Indis
1524 398 1710 466 visus
1743 397 1872 467 suit
1905 420 1942 466 a
1979 402 2155 467 terra
2198 398 2264 467 in
2307 398 2550 468 ecstasi
2584 398 2908 481 elevatus,
2940 423 3154 488 quem

608 488 1043 579 postmodum
1115 489 1386 556 summa
1438 486 1868 556 veneratione
1921 487 2326 569 coluerunt,
2378 502 2443 557 et
2498 489 2862 558 abeuntem
2915 512 3162 560 amare

605 578 1072 656 defleverunt;
1134 575 1573 661 crediturque
1644 574 1977 666 populum
2047 575 2243 644 illum
2313 578 2463 677 ejus
2526 577 3008 648 intercessione
3078 580 3155 649 in

571 667 853 736 ,Christi
907 665 1173 734 Domini
1211 664 1343 732 fide
1373 664 1603 733 adbuc
1639 686 2094 754 perseverare,
2134 665 2216 734 ad
2250 688 2454 755 cujus
2483 666 2857 757 hospitium
2903 668 2969 735 in
3006 689 3161 739 ora-

606 756 857 824 torium
923 764 1425 824 commutatum
1489 753 1691 821 etiam
1761 775 1946 822 nunc
1993 766 2058 823 et
2118 755 2272 822 Indi
2320 768 2384 824 et
2434 755 2718 844 Hispani
2768 756 2851 824 ad
2912 756 3158 827 divina

604 844 938 913 beneficia
993 845 1146 931 ejus
1212 840 1588 931 patrocinio
1652 842 2084 930 impetranda
2143 857 2540 913 accurrunt.
2593 844 2714 915 His
2768 845 3024 915 similia
3076 847 3153 916 in

602 934 881 1023 oppidis
931 934 1214 1021 Cipacoe
1260 946 1325 998 et
1372 930 1632 999 Peluati
1681 930 1840 1020 egit,
1895 931 2012 999 ubi
2062 932 2292 1012 etiam,
2336 931 2798 1022 evangelicam
2855 956 3157 1024 pauper·

608 1035 808 1091 tatem
863 1042 1144 1090 servans
1178 1074 1193 1100 ‚
1252 1019 1470 1090 laetus
1517 1019 1587 1086 in
1641 1041 1868 1089 rerum
1921 1024 2194 1090 summa
2264 1022 2495 1111 inopia
2542 1034 2605 1089 et
2655 1021 2888 1092 volens
2936 1024 3152 1094 vitam

601 1110 913 1199 degebat,
968 1131 1046 1179 ac
1094 1108 1518 1178 orationibus
1572 1121 1837 1196 praeter
1884 1130 2071 1198 spem
2116 1121 2380 1198 optatos
2412 1110 2709 1181 obtinuit
2751 1111 3028 1192 imbres,
3079 1127 3151 1182 et.

601 1201 923 1290 Cinagam
976 1198 1264 1268 fluvium
1313 1218 1471 1286 prae
1502 1218 1837 1283 aquarum
1876 1198 2330 1268 redundantia
2367 1199 2804 1289 impervium,
2851 1201 3145 1290 signans

599 1310 806 1357 cruce
847 1310 1085 1375 aquas,
1126 1300 1326 1377 prout
1373 1286 1606 1366 voluit,
1657 1287 2006 1376 transegit.
2061 1286 2387 1357 Cedentes
2434 1288 2638 1357 etiam
2697 1289 2957 1357 circum
3008 1312 3147 1359 un·

601 1376 812 1464 dique
867 1377 1180 1467 pluviae,
1235 1375 1353 1443 illo
1413 1375 1879 1444 beatissimam
1935 1375 2273 1464 Virginem
2326 1376 2409 1444 de
2459 1377 2741 1451 Rosario
2793 1376 2902 1467 pie
2951 1377 3145 1447 invo-

599 1482 843 1548 cante,
901 1488 1024 1535 nec
1073 1465 1300 1554 ipsum
1356 1485 1479 1532 nee
1531 1463 1754 1532 socios
1804 1464 2199 1553 attigerunt.
2257 1465 2396 1533 Sub
2448 1477 2674 1534 monte
2715 1471 2780 1537 S.
2844 1467 3146 1536 Marthae

599 1555 929 1624 Indorum
983 1552 1369 1623 accolarum
1419 1552 1689 1620 circiter
1727 1552 2123 1638 quindecim
2179 1553 2395 1622 millia
2428 1608 2443 1634 ‚
2501 1554 2647 1625 suis
2691 1554 3144 1643 praedicatio-

600 1644 807 1713 nibus
841 1644 922 1713 ad
962 1643 1167 1712 fidem
1220 1642 1570 1719 conversa,
1618 1642 2001 1729 baptizavit.
2045 1646 2119 1710 Et
2160 1664 2291 1710 non
2335 1642 2568 1731 procul
2609 1643 2769 1711 inde
2809 1646 3140 1732 potentis-

598 1733 852 1802 simum
892 1752 1227 1801 venenum
1267 1729 1397 1797 sibi
1430 1729 1517 1798 ab
1549 1729 1889 1800 idolorum
1924 1730 2314 1800 sacrificulo
2353 1732 2788 1821 propinatum
2825 1732 3134 1815 ebibens,

600 1835 752 1911 post
785 1822 1095 1908 quinque
1128 1819 1273 1886 dies
1317 1817 1560 1886 lethale
1595 1819 1783 1889 virus
1830 1842 1986 1888 cum
2040 1819 2301 1905 aliquot
2334 1821 2682 1890 vermibus
2740 1842 2864 1890 seu
2915 1825 3142 1910 parvis

596 1912 1032 2000 serpentibus
1093 1906 1444 1977 stomacho
1494 1908 1727 1995 ejectis
1757 1962 1772 1988 ,
1835 1930 1913 1977 ac
1955 1907 2325 1979 incolumis
2371 1931 2622 1999 magno
2673 1912 3137 1999 praesentium

597 2012 876 2087 stupore
912 1995 1328 2087 perduravit.

687 2091 723 2173 ξ
772 2091 918 2160 18.
976 2091 1396 2157 Daemones,
1451 2083 1811 2153 visibiliter
1858 2085 2180 2174 gentibus
2231 2086 2367 2156 illis
2428 2100 2839 2175 apparentes
2870 2140 2887 2167 ,
2940 2087 2995 2156 si
3053 2110 3139 2158 no

594 2176 822 2243 crucis
855 2188 919 2244 et
953 2173 1146 2242 miris
1199 2171 1418 2241 modis
1467 2194 1667 2262 saepe
1718 2173 1997 2262 fugavit,
2045 2175 2302 2260 quibus
2339 2174 2570 2265 plures
2604 2175 2776 2248 alios
2807 2175 2890 2244 ad
2927 2176 2972 2245 fi
3026 2198 3136 2245 em

595 2264 906 2332 adduxit.
951 2269 1025 2331 In
1064 2261 1317 2352 oppido
1359 2262 1673 2348 Monpoix
1714 2262 1838 2330 visi
1881 2275 2043 2331 sunt
2072 2263 2131 2330 ei
2168 2266 2527 2353 genuflexo
2567 2265 2883 2334 assistere
2918 2265 3141 2334 sancti

594 2353 905 2421 doctores
951 2351 1351 2420 Ambrosius
1398 2364 1461 2419 et
1509 2351 1803 2420 Thomas
1851 2351 1934 2419 de
1982 2352 2270 2438 Aquino.
2311 2359 2386 2421 Iu
2425 2351 2652 2422 insula
2690 2357 2755 2422 S.
2810 2352 3133 2435 Thomae,

594 2440 762 2509 dum
814 2440 1114 2511 furentes
1165 2440 1438 2531 pagani,
1495 2440 1787 2529 arreptis
1839 2438 2209 2529 lapidibus,
2268 2442 2410 2510 viro
2450 2454 2687 2511 sancto
2737 2463 2973 2512 necem
3028 2443 3138 2511 in-

596 2543 879 2610 tentant,
936 2529 1236 2598 monitus
1269 2542 1342 2597 ut
1383 2529 1668 2618 fugeret,
1716 2530 2267 2600 constantissime
2317 2532 2565 2610 renuit,
2604 2530 2885 2618 solaque
2916 2530 3137 2600 divini

596 2619 779 2687 verbi
837 2618 1142 2687 efficacia
1189 2618 1518 2687 ducentos
1565 2640 1643 2686 ex
1694 2619 2214 2708 aggressoribus
2282 2620 2443 2706 iutro
2500 2620 2747 2689 Christi
2808 2619 3131 2707 subjecit.

594 2707 967 2790 Quemdam
1032 2729 1112 2775 ex
1173 2708 1488 2796 Pegiouis
1554 2707 1954 2796 proceribus
2001 2707 2085 2776 de
2134 2707 2336 2777 saluti
2370 2730 2523 2777 erae
2578 2708 2813 2778 Crucis
2878 2730 3135 2779 arcano

594 2799 918 2886 mysterio
974 2796 1199 2865 doceri
1267 2796 1654 2896 cupientem
1719 2795 2076 2884 repentino
2134 2795 2467 2866 miraculo
2530 2797 2904 2881 convertit3
2975 2819 3134 2867 nam

591 2887 856 2954 arboris
907 2900 1224 2954 truncum
1282 2883 1531 2952 ibidem
1580 2897 1714 2952 toto
1762 2906 2044 3041 corpore
2091 2885 2626 2974 circutnplexu5‚
2679 2887 3134 2977 conspicuam

595 2973 887 3064 figuram
939 2975 1169 3043 crucis
1219 2973 1373 3042 rudi
1431 2972 1662 3047 cortici
1710 2973 1880 3041 mira
1937 2973 2114 3042 iliter
2146 2973 2551 3062 impressit,
2604 2996 2820 3061 eoque
2868 2987 3133 3046 ostento

592 3075 731 3132 tum
790 3062 884 3131 illi
924 3062 1260 3143 tunraliis
1294 3062 1715 3151 baptismum
1770 3061 1835 3129 in
1890 3061 2023 3132 fide
2076 3062 2378 3132 vivificae
2411 3063 2637 3133 crucis
2673 3065 3039 3153 persuasit.

677 3154 713 3238 ἓ
760 3157 900 3223 14.
957 3155 1129 3219 Sane
1179 3151 1281 3218 vir
1328 3151 1452 3219 iste
1485 3148 1904 3239 apostolicus
1940 3172 2074 3219 non
2112 3150 2333 3220 solum
2363 3152 2562 3240 juxta
2600 3153 3131 3240 promissionem

591 3244 658 3308 S.
713 3245 891 3307 Evan
947 3239 1107 3318 elii,
1168 3239 1349 3325 quod
1407 3239 1865 3328 praedicabat,
1921 3240 1987 3308 in
2044 3240 2321 3316 nomine
2377 3241 2640 3309 Domini
2695 3242 2911 3309 nostri
2952 3242 3134 3310 Jesu

590 3326 840 3397 Christi
931 3328 1241 3395 aemonia
1298 3328 1449 3396 totis
1499 3327 1897 3417 regionibus
1943 3328 2160 3417 ejecit,
2214 3342 2562 3415 serpentes
2614 3329 2984 3400 infernales
3033 3330 3134 3397 vi-

590 3415 883 3485 sibiliter
932 3416 1177 3484 incolis
1230 3417 1530 3484 minaces
1578 3416 1906 3497 abstulit,
1966 3438 2045 3485 ac
2103 3417 2362 3504 linguis
2413 3419 2603 3487 novis
2670 3419 2848 3488 inter
2938 3431 3134 3488 entes

587 3503 861 3574 locutus
892 3518 1015 3584 est,
1057 3526 1288 3572 verum
1319 3505 1522 3572 etiam
1561 3504 1818 3595 pluries
1853 3505 1919 3573 in
1965 3506 2431 3575 testimonium
2470 3505 2655 3575 Fidei
2698 3508 2895 3576 morti
2927 3528 3131 3576 erum

633 3592 753 3661 uid
795 3591 1036 3662 bibens
1083 3592 1357 3660 innoxie
1405 3593 1775 3662 discrimen
1827 3594 2002 3663 vitae
2048 3595 2421 3685 superavit.
2474 3596 2716 3664 Indam
2759 3595 2987 3665 adhuc
3018 3595 3135 3663 in-

585 3614 858 3750 gdelem
911 3682 978 3749 in
1020 3694 1218 3770 partu
1266 3694 1561 3750 extreme
1611 3681 2132 3770 periclitantem,
2187 3686 2314 3753 sua
2361 3687 2529 3753 zona
2581 3685 2933 3774 praecingi
2971 3685 3132 3773 jus-

587 3791 772 3850 sam,
827 3771 966 3838 una
1013 3792 1172 3839 cum
1226 3769 1415 3860 prole
1462 3769 1549 3839 ab
1598 3770 1880 3840 interitu
1937 3771 2273 3852 liberavit,
2326 3772 2688 3860 ipsamque
2734 3774 2877 3861 jam
2924 3794 3134 3863 puer-

633 3880 818 3927 eram
853 3913 868 3939 ‚
923 3882 1082 3928 cum
1139 3860 1430 3939 marit0,
1488 3859 1898 3948 propinquis
1930 3913 1947 3941 ‚
1999 3882 2079 3931 ac
2126 3860 2522 3932 domesticis
2554 3916 2572 3941 ,
2630 3861 2901 3933 lavacro
2950 3861 3134 3931 sacri

587 3881 1036 4036 baptismatis
1068 3947 1154 4016 ab
1203 3946 1605 4016 infidelitate
1656 3948 2038 4018 mundavit.
2091 3949 2432 4039 Navigans
2478 3972 2636 4020 cum
2687 3951 2845 4020 aliis
2895 3951 2962 4019 in
3000 3949 3132 4020 flu-

588 4038 773 4104 mine
812 4059 852 4106 a
901 4036 1299 4137 Magdalena
1350 4050 1774 4126 nuncupatO,
1828 4038 2131 4107 irruente
2179 4050 2599 4128 tempestate,
2642 4040 2795 4107 navi
2846 4043 3127 4122 eversa,

583 4126 990 4212 cunctisque
1021 4149 1088 4194 1n
1123 4128 1304 4212 aqua
1334 4125 1705 4205 immersis,
1742 4148 1946 4195 orans
1975 4126 2428 4196 emersionem
2478 4141 2544 4197 et
2578 4126 3131 4198 incolumitatem

582 4213 900 4283 obtinuit.
956 4216 1320 4284 Pristinam
1371 4214 1832 4284 valetudinem
1896 4213 2214 4303 pluribus
2279 4214 2708 4295 reddidisse,
2768 4228 2835 4285 et
2878 4215 3136 4285 defun·-

581 4316 759 4372 ctam
798 4302 880 4371 ad
922 4303 1123 4371 vitam
1164 4307 1264 4372 Ss.
1306 4302 1565 4374 Rosarii
1618 4302 2079 4393 applicatione
2112 4325 2463 4373 revocasse
2493 4318 2920 4392 compertum
2968 4303 3133 4375 fuit.

673 4400 708 4471 ἓ
760 4398 900 4464 15.
944 4391 1215 4479 videns,
1252 4414 1372 4460 nec
1408 4392 1744 4481 impedire
1775 4404 1893 4461 aut
1928 4391 2101 4461 ferre
2139 4391 2374 4462 valens
2422 4394 2804 4482 angustias,
2839 4394 3134 4479 quibuS‚
