3347 4999
161 395 335 461 OCT.
394 397 434 458 8
1057 416 1135 461 nii:
1183 416 1239 461 s.
1294 414 1583 462 amorrui
1635 417 1826 462 vaA
2496 403 2626 467 275

159 510 225 565 et
310 518 571 577 recum,
608 508 671 565 et
712 518 836 587 ego
875 498 1022 587 jam
1073 498 1282 567 finem
1334 497 1686 589 imponam
1729 500 2109 588 angoribus
2161 502 2334 589 ejus,
2379 529 2401 566 n
2460 503 2711 586 Quinto

159 586 227 653 in
287 608 323 654 e
372 583 482 653 die
532 585 815 655 auditus
853 599 953 656 est
987 586 1169 656 velut
1209 587 1439 656 avium
1490 602 1738 656 cantus
1790 589 2228 678 gratissimus
2291 591 2469 661 inter
2519 592 2713 681 pueri

157 673 416 743 lectum
466 686 531 743 et
566 674 889 764 parietem
927 698 941 754 ;
995 689 1058 745 et
1090 675 1202 745 ille
1251 674 1646 746 felicissime
1678 676 1993 746 decessit.
2038 677 2302 746 Dictum
2339 693 2440 748 est
2480 693 2711 765 autem

157 762 494 832 divinitus
542 763 627 832 ad
680 768 745 833 S.
799 765 1197 852 Birgittam:
1253 786 1290 831 «
1343 769 1438 832 En
1488 765 1651 853 quid
1710 766 1973 855 possint
2025 765 2391 855 lacrymae.
2425 774 2577 837 Jam
2629 768 2712 835 fi-

161 851 302 921 lius
350 851 813 941 lacrymarum
866 853 1035 923 abiit
1081 852 1165 921 ad
1234 854 1539 940 requiem
1582 855 2067 923 inconcussam
2122 867 2187 924 et
2253 856 2712 925 incommuta-

161 940 467 1008 bilem.»
517 945 740 1011 Potest
789 943 951 1012 hinc
1006 943 1503 1024 animadverti,
1558 964 1766 1030 quam
1822 943 2144 1012 molestae
2194 945 2333 1013 sint
2391 944 2712 1013 daemoni
2809 948 2820 961 ‘

161 1028 508 1118 lacrymae
557 1031 853 1119 piorum,
906 1055 984 1101 ex
1034 1031 1266 1102 divino
1314 1054 1544 1101 amore
1596 1046 1975 1102 nascentes

253 1123 288 1208 ξ
340 1124 507 1189 m.
539 1121 795 1189 Habuit
829 1126 892 1191 S.
935 1122 1044 1190 Bir
1102 1121 1216 1191 itta
1258 1120 1470 1190 filiam
1524 1114 2120 1191 sanctimonialem
2174 1122 2241 1189 in
2300 1121 2713 1190 monasterio

165 1208 674 1299 Risabe'rgensi.
717 1214 878 1278 Eam
920 1224 992 1279 ut
1093 1210 1285 1278 idicit
1330 1231 1407 1278 ex
1460 1212 1718 1279 nuncio
1752 1225 2117 1292 mortuam,
2159 1210 2452 1279 mirifice
2503 1208 2713 1278 laeta-

163 1298 392 1376 batur,
452 1299 683 1384 aitque
746 1298 830 1367 ad
887 1300 1292 1367 Dominum:
1348 1322 1382 1365 «
1434 1303 1483 1368 O
1537 1299 1819 1367 Domine
1866 1306 2033 1369 ,lesu
2073 1299 2335 1369 Christe
2369 1354 2383 1380 ‚
2432 1321 2470 1368 o
2519 1321 2715 1368 amor

166 1409 406 1468 meus;
459 1386 862 1457 benedictus
912 1401 986 1457 tu
1038 1388 1155 1466 siS‚
1221 1387 1402 1474 quod
1456 1387 1711 1457 vocasti
1762 1410 1909 1456 eam
1962 1401 2143 1469 ante,
2198 1409 2408 1475 quam
2462 1386 2709 1456 mundi

171 1475 436 1562 laqueis
486 1476 980 1565 implicaretur.
1024 1500 1058 1542 »
1097 1482 1383 1563 Moxque
1431 1498 1747 1566 surgens,
1798 1490 1864 1545 ¹et
1911 1477 1995 1546 ad
2050 1476 2384 1568 templum
2436 1476 2702 1556 abienS,

166 1576 303 1633 tam
359 1564 609 1634 multas
658 1564 836 1634 fudit
885 1566 1228 1654 lacrymas
1293 1578 1357 1633 et
1408 1567 1607 1634 traxit
1655 1565 1792 1634 alta
1851 1566 2188 1655 suspiria,
2243 1579 2319 1634 ut
2366 1567 2569 1634 etiam
2622 1565 2709 1634 ab

164 1651 322 1721 aliis
360 1666 583 1742 posset
622 1654 871 1722 audiri.
909 1655 1368 1740 Dicebantque
1400 1654 1536 1721 illi:
1584 1677 1617 1719 «
1651 1659 1772 1725 En.
1821 1669 1896 1724 ut
1933 1656 2151 1743 plorat
2182 1653 2394 1723 filiam
2434 1676 2707 1722 suam.»

163 1742 496 1831 Apparuit
544 1756 772 1811 autem
823 1743 882 1811 ei
935 1744 1268 1823 ChristuS,
1321 1756 1384 1812 et
1433 1742 1559 1811 ait:
1617 1766 1652 1809 «
1722 1743 2001 1823 Mulier,
2055 1743 2220 1830 quid
2275 1744 2369 1812 ita
2437 1742 2709 1831 ploras?

165 1831 302 1899 Etsi
353 1830 536 1899 enim
588 1853 713 1921 ego
765 1833 919 1900 novi
983 1832 1214 1901 omnia
1248 1886 1262 1911 ,
1321 1845 1544 1899 tamen
1601 1831 1847 1900 harum
1901 1832 2366 1921 lacrymarum
2417 1852 2711 1901 causam

164 1940 242 1987 ex
277 1932 338 1987 te
369 1918 610 1988 audire
640 1919 815 1988 volo,
851 1946 875 1983 ι)
919 1919 1294 2009 Respondit
1326 1919 1481 1988 illa:
1519 1942 1553 1985 «
1589 1921 1922 2007 Equidem
1962 1943 2095 1990 non
2125 1943 2205 1990 ex
2232 1942 2441 1991 causa
2481 1919 2697 2009 ploro,

166 2008 473 2090 Domine,
519 2008 700 2095 quod
744 2008 887 2078 filia
923 2031 1073 2078 mea
1123 2007 1442 2077 defuncta
1491 2020 1625 2077 est:
1681 2010 1895 2078 immo
1946 2032 2099 2078 vero
2134 2032 2212 2078 ea
2248 2012 2459 2078 causa
2494 2008 2706 2077 laetor

164 2097 414 2185 potius.
488 2097 555 2166 Si
620 2097 801 2166 enim
862 2099 1139 2167 vixisset
1185 2098 1497 2169 diutiu'S.
1555 2097 1780 2184 major
1827 2096 1927 2165 illi
1979 2098 2165 2186 apud
2219 2112 2279 2167 te
2329 2098 2502 2166 ratio
2554 2096 2707 2165 red-

163 2184 389 2253 denda
440 2184 704 2257 fuisset.
746 2186 868 2256 Sed
906 2187 1032 2256 hoc
1062 2186 1288 2277 lugeo,
1324 2185 1506 2272 quod
1543 2207 1691 2255 eam
1740 2208 1870 2255 non
1919 2185 2185 2276 institui
2222 2188 2707 2255 convenienter

166 2274 509 2343 mandatis
559 2276 717 2354 tuis,
772 2289 834 2344 et
868 2276 1050 2362 quod
1103 2275 1466 2365 superbiae
1515 2274 1826 2364 exempla
1875 2275 1935 2343 ei
1975 2274 2060 2344 de
2103 2296 2210 2343 me
2261 2275 2588 2364 praebui,
2644 2286 2709 2343 et

163 2363 524 2431 remissius
572 2364 831 2432 correxi
885 2378 1304 2453 peccantem.
1346 2391 1368 2425 »
1426 2363 1734 2432 Christus
1781 2362 1914 2432 ait:
1983 2386 2017 2429 «
2069 2362 2195 2432 Illa
2238 2375 2474 2444 mater,
2530 2385 2707 2450 quae

162 2449 387 2541 plorat
427 2465 701 2541 peccata
750 2452 932 2522 filiae
981 2475 1170 2532 suae,
1223 2466 1287 2522 et
1326 2453 1624 2522 instituit
1657 2474 1833 2534 eam,
1888 2465 2227 2540 quantum
2281 2451 2538 2542 optime
2586 2473 2706 2522 no-

159 2540 303 2619 vit,
382 2563 459 2607 ea
509 2562 662 2609 vera
710 2554 1077 2616 estmater
1122 2541 1476 2612 charitatis
1523 2554 1588 2611 et
1637 2541 2147 2638 lacrymarum;
2186 2555 2274 2611 et
2321 2540 2468 2610 filia
2513 2542 2700 2628 ejuS,

161 2627 308 2697 filia
359 2630 469 2697 Dei
520 2643 620 2698 est
669 2631 958 2719 propter'
995 2643 1305 2699 matrem.
1346 2636 1530 2713 Quae
1563 2644 1791 2702 autem
1829 2632 2121 2717 genitrix
2169 2631 2456 2699 laetatur
2487 2629 2701 2699 filiam

161 2738 359 2786 suam
414 2718 505 2786 ita
539 2740 610 2787 se
657 2740 1080 2807 comparare,
1136 2731 1209 2787 ut
1258 2719 1477 2788 solent
1528 2719 1791 2790 mundo
1824 2715 2116 2800 deditae,
2159 2742 2281 2788 nec
2323 2731 2518 2788 curat
2551 2739 2701 2787 eam

158 2805 363 2876 bonis
426 2807 738 2877 moribus
788 2807 1119 2888 imbuere,
1175 2808 1289 2876 sed
1344 2808 1410 2876 id
1474 2808 1700 2880 solum
1750 2831 1828 2877 ex
1883 2822 2023 2888 etit,
2080 2822 2151 2876 ut
2210 2807 2328 2877 fiat
2377 2807 2702 2876 sublimis

160 2895 232 2963 in
287 2895 568 2975 mund0‚
621 2918 700 2966 ea
748 2917 881 2965 non
926 2918 1253 2987 germana
1297 2912 1512 2965 mater
1558 2910 1682 2977 est,
1741 2920 1810 2966 se
1913 2919 2221 2965 noverca.
2277 2901 2514 2982 Itaque
2551 2917 2702 2983 pro-

159 2994 311 3073 pter
358 2985 758 3055 charitatem
795 2999 857 3054 et
909 2986 1157 3054 bonam
1211 2984 1625 3055 voluntatem
1676 3000 1886 3067 tuam,
1941 2985 2085 3053 filia
2124 2998 2239 3053 tua
2286 2983 2698 3073 compendio

158 3072 499 3162 pertinget
545 3074 627 3143 ad
680 3096 1100 3144 coronam.»

248 3163 283 3247 ξ
342 3167 500 3232 ⁰2⁰2.
557 3169 729 3232 Puer
776 3163 1060 3249 quidam
1111 3163 1342 3231 decem
1408 3185 1748 3232 annorum
1787 3218 1801 3242 ‚
1860 3162 2137 3230 nomine
2199 3166 2378 3230 Esau
2412 3214 2426 3242 ‚
2491 3183 2703 3250 nepos

49 3304 56 3312 .
157 3250 393 3338 magni
444 3251 811 3321 Senescalli
853 3252 1152 3340 Reginae
1201 3251 1494 3330 Siciliae,
1544 3251 1822 3340 Neapoli
1871 3250 2180 3340 degentis
2218 3251 2282 3317 in
2319 3250 2479 3319 aula
2511 3271 2699 3340 ejus-

155 3336 313 3406 dem
365 3344 458 3408 Re
513 3340 687 3420 inae,
729 3340 988 3428 lieet-ica
1039 3340 1220 3409 febre
1270 3340 1438 3410 adeo
1478 3339 1606 3408 fuit
1652 3339 2004 3409 confectus
2052 3352 2115 3408 et
2163 3339 2562 3417 exhaustus,
2626 3351 2703 3408 ut

155 3425 408 3496 medici
492 3450 526 3495 e
569 3441 701 3497 tota
737 3429 865 3497 vita
906 3429 1058 3516 ejus
1096 3429 1294 3518 plane
1326 3429 1789 3517 desperarent.
1824 3433 1991 3496 Eum
2031 3439 2243 3497 mater
2267 3427 2442 3516 ejus,
2483 3433 2688 3517 Lapa,

154 3514 351 3584 duxit
384 3517 464 3584 ad
505 3529 810 3585 sanctam
844 3517 1219 3607 Birgittam‚
1254 3517 1659 3606 suppliciter
1679 3539 1830 3586 eam
1867 3517 2267 3605 deprecanS,
2302 3529 2376 3585 ut
2406 3539 2698 3604 puerum

152 3614 507 3692 tangeret,
577 3617 694 3673 aut
757 3604 993 3674 saltem
1066 3606 1298 3675 Crucis
1348 3606 1626 3694 signum
1698 3604 1798 3673 illi
1865 3606 2312 3694 imprimeret.
2378 3610 2523 3673 Mox
2576 3605 2695 3673 illa

151 3714 446 3782 puerum
501 3694 740 3783 tetigit,
793 3708 857 3762 et
905 3707 1159 3762 tactum
1213 3694 1571 3782 repentina
1604 3694 1794 3762 salus
1844 3702 2211 3764 consecuta
2253 3707 2376 3763 est.
2418 3692 2701 3762 Carolus

148 3780 375 3862 miles,
429 3781 618 3851 filius
666 3794 942 3851 sanctae
991 3783 1335 3872 Birgittae,
1383 3788 1669 3851 Romam
1723 3806 1758 3851 e
1809 3782 2046 3852 Svedia
2093 3783 2303 3862 venit,
2351 3803 2535 3850 anno
2584 3804 2698 3851 sa-

149 3870 318 3940 lutis
369 3870 744 3940 'millesimo
780 3925 794 3950 ‚
851 3871 1357 3951 tricentesimo‚
1435 3872 2125 3958 sexagesimoquinto.
2202 3875 2281 3939 Ut
2343 3884 2568 3938 autem
2626 3871 2694 3938 in

154 3959 359 4027 aedes
392 3958 521 4029 fuit
572 3960 950 4048 ingressus,
1007 3960 1071 4026 in
1125 3958 1383 4045 quibus
1436 3973 1650 4028 mater
1698 3960 2008 4048 degebat.
2066 3957 2476 4028 ascendente
2509 3981 2588 4028 eo
2628 3959 2696 4027 in
2772 4036 2777 4046 Ι

152 4047 515 4136 solarium,
572 4061 789 4117 mater
834 4048 986 4130 ejus
1034 4068 1070 4115 e
1118 4046 1442 4116 cubiculo
1483 4070 1607 4117 suo
1640 4048 2024 4138 egredienS‚
2080 4047 2249 4116 vidit
2297 4046 2492 4117 illum
2547 4070 2699 4116 cor-

150 4155 320 4225 pore
369 4158 499 4205 non
556 4149 731 4207 recte
781 4136 1026 4205 valere.
1082 4135 1324 4223 Tetigit
1371 4138 1603 4223 itaque
1655 4151 1891 4221 pectus
1940 4138 2115 4224 ejuS,
2160 4135 2498 4222 quaedam
2549 4158 2701 4205 ora-

151 4223 361 4311 tionis
410 4226 610 4294 verba
663 4225 1158 4315 pronuncians.
1217 4224 1578 4293 Confestim
1631 4224 1747 4295 ille
1782 4225 2076 4294 multum
2116 4225 2376 4293 vomuit
2416 4226 2698 4313 sangui-

147 4333 334 4390 nem,
369 4312 457 4380 ita
485 4327 560 4382 ut
588 4314 774 4401 loqui
802 4336 936 4384 non
1021 4326 1222 4394 osset,
1255 4327 1318 4382 et
1353 4315 1706 4384 restitutus
1732 4327 1852 4382 est.
1897 4316 2017 4382 Diu
2048 4326 2220 4402 post,
2251 4312 2701 4413 proficiscens

150 4412 390 4498 sancta
425 4402 704 4499 Birgitta
734 4410 969 4472 Jeroso
999 4426 1259 4492 ymam,
1297 4402 1630 4492 praedixit
1672 4425 1745 4471 se
1788 4425 2002 4471 unum
2042 4413 2407 4491 praecipue
2456 4424 2697 4471 carum

146 4512 184 4560 e
212 4489 585 4558 comitibus
613 4492 755 4560 suis
787 4492 1209 4582 perdituram
1239 4515 1253 4572 ;
1289 4504 1353 4561 et
1382 4492 1476 4561 ita
1509 4491 1768 4561 factum
1811 4505 1933 4562 est.
1975 4496 2143 4561 Cum
2173 4492 2355 4560 enim
2403 4491 2700 4559 venisset
