3347 4999
209 350 382 416 ocT.
441 350 523 415 43
1117 369 1196 414 ns
1245 368 1301 415 s.
1356 364 1650 414 nomano
1703 364 1865 413 REGE
2546 349 2673 414 363

206 454 471 541 rapinis
518 452 752 521 omnia
796 451 1280 540 replebantur:
1336 451 1595 537 ubique
1651 450 1917 532 luctus,
1970 450 2236 520 clamor
2281 464 2346 520 et
2395 451 2750 523 desolatio,

204 541 683 612 Incenduntur
728 540 1080 621 ecclesiae,
1137 540 1551 609 monasteria
1591 539 2059 618 devastantur,
2096 540 2485 610 sacerdotes
2532 562 2572 609 a
2611 542 2759 611 suis

205 629 489 700 sedibus
514 628 756 720 fugati,
797 630 865 698 in
906 629 1072 699 locis
1105 629 1394 700 desertis
1427 649 1869 697 communem
1924 628 2270 697 miseriam
2323 627 2760 717 deplorantes

204 719 720 789 delitescebant.
774 724 960 788 Inter
1006 739 1181 804 quos
1215 718 1316 787 vir
1366 716 1779 787 venerabilis
1827 715 2233 786 Britwaldus
2268 718 2758 787 wintoniensis

204 808 599 897 episcopm,
654 808 1062 877 coenobium
1101 807 1575 877 Glastoniense
1619 827 1934 874 moerens
1981 828 2061 875 ac
2113 805 2326 874 tristis
2365 805 2744 895 ingressuS‚

200 897 632 966 orationibus
679 896 963 965 vacabat
1010 909 1075 965 et
1111 895 1418 985 psalmis.
1454 895 1774 978 Quicum
1808 893 2185 981 aliquando
2222 915 2343 984 pro
2380 896 2571 984 regni
2605 893 2748 981 ple-

204 986 451 1072 bisque
491 984 894 1055 liberatione
934 1006 1168 1075 preces
1219 985 1701 1074 lacrymasque
1733 983 2200 1084 profunderet,
2239 983 2438 1069 quasi
2475 984 2545 1051 in
2583 982 2752 1052 haec

202 1077 409 1144 verba
452 1095 933 1164 prorumpens,
991 1074 1121 1143 ait:
1177 1096 1213 1140 <‹
1264 1078 1341 1143 Et
1391 1086 1498 1154 tu,
1559 1077 1862 1154 Domine,
1925 1075 2334 1159 usquequo?
2385 1077 2752 1160 Usquequo

201 1163 453 1233 avertis
498 1162 742 1232 faciem
778 1166 1013 1233 tuam?
1071 1161 1499 1232 oblivisceris
1550 1161 1828 1246 inopiae
1869 1174 2142 1231 nostrae
2179 1173 2245 1229 et
2287 1161 2756 1231 tribulationis

204 1255 525 1322 nostrae?
574 1256 858 1321 Sanctos
921 1265 1074 1321 tuos
1126 1251 1569 1332 occiderunt,
1636 1249 1881 1319 altaria
1945 1263 2061 1319 tua
2121 1249 2637 1330 destruxerunt,
2690 1260 2757 1319 et

199 1363 340 1410 non
390 1354 493 1410 est
539 1341 658 1427 qui
710 1341 1032 1422 redimat,
1104 1362 1326 1427 neque
1372 1340 1494 1427 qui
1542 1338 1810 1407 salvum
1875 1338 2101 1408 faciat.
2159 1338 2346 1419 Sci0‚
2421 1340 2746 1417 Domine,

198 1431 370 1511 scio,
423 1429 589 1516 quia
636 1430 870 1498 omnia
916 1451 1092 1516 quae
1140 1427 1359 1498 fecisti
1425 1428 1648 1507 nobis,
1691 1428 1764 1495 in
1809 1448 1964 1496 vero
1996 1426 2267 1515 judicio
2315 1426 2558 1497 fecisti.
2624 1428 2752 1497 Sed

196 1518 525 1605 nunquid
579 1517 645 1585 in
697 1533 1051 1587 aeternum
1105 1517 1414 1607 projiciet
1463 1522 1661 1595 Deus,
1704 1528 1769 1585 et
1809 1537 1946 1586 non
1981 1528 2278 1606 apponet
2327 1529 2403 1585 ut
2449 1517 2753 1606 compla-

196 1607 405 1677 citior
433 1607 522 1676 sit
559 1607 834 1676 adbuc?
880 1606 1133 1687 Eritne,
1191 1606 1475 1675 Domine
1522 1609 1699 1674 Deus
1750 1626 1969 1687 mem,
2022 1606 2240 1675 eritne
2288 1604 2449 1674 finis
2499 1606 2745 1674 horum

198 1695 681 1766 mirabilium?
728 1709 848 1766 aut
895 1697 964 1764 in
1015 1710 1367 1765 aeternum
1439 1707 1600 1763 tuus
1662 1694 1732 1762 in
1795 1715 1919 1763 nos
1984 1715 2221 1763 mucro
2271 1694 2632 1775 desaeviet,
2687 1705 2753 1763 et

198 1785 544 1877 percuties
594 1806 816 1870 usque
862 1784 945 1854 ad
1000 1784 1586 1852 internecionem?
1626 1806 1663 1849 »
1715 1786 1900 1853 Inter
1940 1804 2174 1871 preces
2225 1783 2497 1852 tandem
2549 1797 2614 1851 et
2652 1783 2751 1851 la-

196 1895 474 1961 crymas
523 1872 880 1962 fatigatum
935 1894 1139 1963 sopor
1186 1873 1418 1941 suavis
1466 1871 1752 1961 excepit,
1809 1871 2127 1958 videtque
2183 1892 2303 1960 per
2367 1872 2744 1951 somnium,

197 1964 482 2032 beatum
513 1967 783 2031 Petrum
823 1962 891 2030 in
926 1960 1532 2031 eminentioriloco
1564 1960 2043 2041 constitutum,
2082 1974 2147 2030 et
2180 1972 2337 2029 ante
2362 1983 2522 2030 eum
2609 1980 2754 2028 rae-

194 2051 373 2122 clari
417 2050 646 2120 vultus
678 2051 747 2119 in
781 2049 1003 2119 forma
1036 2050 1326 2131 decenti,
1366 2049 1717 2139 regalibus
1766 2049 2064 2139 insignis
2111 2049 2442 2118 amictum
2490 2053 2536 2116 E
2593 2070 2748 2117 uar-

192 2141 399 2210 dum.
469 2144 684 2222 Quem
759 2161 920 2209 cum
986 2138 1284 2240 propriis
1346 2138 1670 2208 manibus
1731 2137 2093 2227 Apostolus
2153 2151 2621 2207 consecrasset
2689 2152 2753 2208 et

195 2229 512 2299 unxisset
544 2229 614 2297 in
651 2249 906 2318 regem,
951 2244 1206 2297 monita
1243 2227 1489 2296 salutis
1537 2225 1811 2313 adjecit:
1868 2227 2372 2316 praecipueque
2420 2225 2750 2295 caelibem

196 2320 408 2387 vitam
461 2317 982 2396 commendans,
1039 2329 1204 2403 quot
1250 2329 1427 2387 esset
1463 2317 1670 2384 annis
1704 2329 2118 2404 regnaturus
2149 2315 2443 2402 aperuit.
2498 2316 2747 2385 Obstu-

196 2405 514 2497 pefactus
564 2405 835 2495 praesul
891 2406 1056 2475 tanti
1108 2404 1427 2474 miraculi
1463 2405 1782 2484 novitate,
1821 2404 1984 2492 petit
2015 2404 2150 2474 sibi
2189 2426 2227 2471 a
2262 2407 2510 2473 Sancto
2538 2404 2748 2492 hujus

195 2495 486 2566 visionis
551 2495 956 2595 mysterium
1007 2494 1315 2564 revelari.
1372 2498 1464 2563 De
1510 2507 1691 2564 statu
1765 2492 2053 2583 insuper
2121 2492 2350 2582 regni,
2402 2508 2468 2562 et
2514 2492 2598 2562 de
2640 2494 2747 2561 in-

195 2584 449 2655 stantis
499 2583 788 2674 periculi
836 2583 976 2652 fine
1023 2583 1484 2673 Apostolicum
1536 2582 1758 2674 exegit
1803 2582 2189 2652 oraculum.
2241 2586 2430 2650 Tunc
2479 2581 2749 2671 placido

195 2674 395 2743 vultu
423 2673 720 2743 intuitus
744 2674 1121 2742 intuentem
1158 2694 1253 2751 se,
1297 2672 1412 2740 ait:
1459 2694 1495 2737 «
1526 2671 1823 2752 Domini,
1868 2694 1909 2741 o
1943 2671 2242 2762 praesul,
2288 2683 2390 2740 est
2425 2691 2746 2759 regnum,

194 2777 265 2833 et
317 2763 463 2851 ipse
512 2761 986 2832 dominabitur
1035 2762 1101 2829 in
1154 2759 1318 2831 filiis
1381 2760 1772 2830 hominum.
1824 2765 1979 2851 Ipse
2029 2758 2350 2830 transfert
2406 2779 2613 2847 regna
2683 2770 2749 2827 et

192 2863 421 2921 mutat
471 2850 785 2940 imperia,
828 2862 894 2919 et
944 2862 1219 2941 propter
1267 2862 1542 2940 peccata
1590 2848 1826 2939 populi
1880 2870 2166 2939 regnare
2214 2848 2374 2917 facit
2424 2847 2748 2936 hypocri-

193 2955 360 3010 tam.
410 2944 766 3009 Peccatum
822 2940 1123 3028 peccavit
1172 2938 1473 3039 populus
1521 2951 1685 3008 tuus
1736 2938 2045 3019 Domin0,
2096 2949 2162 3005 et
2201 2935 2482 3006 tradidit
2513 2957 2630 3005 eos
2670 2936 2744 3005 in

193 3050 451 3098 manus
499 3028 836 3129 gentium,
889 3041 956 3097 et
1000 3026 1337 3097 dominati
1394 3040 1560 3097 sunt
1608 3048 1848 3096 eorum
1899 3026 2019 3112 qui
2078 3025 2372 3095 oderunt
2419 3046 2558 3094 eos.
2615 3023 2746 3093 Sed

192 3139 335 3186 non
385 3116 829 3186 obliviscetur
876 3117 1183 3188 misereri
1231 3122 1433 3197 DeuS,
1492 3137 1613 3184 nec
1660 3114 2039 3184 continebit
2087 3114 2156 3182 in
2209 3114 2313 3182 ira
2362 3136 2489 3184 sua
2539 3112 2745 3181 mise-

192 3204 532 3275 ricordias
579 3227 765 3274 suas.
822 3205 962 3274 Erit
1006 3206 1218 3286 enim,
1274 3226 1431 3274 cum
1482 3203 1849 3274 dormieris
1878 3225 2040 3272 cum
2080 3202 2391 3292 patribus
2443 3201 2600 3281 tuis,
2646 3202 2746 3269 vi-

194 3294 433 3364 sitabit
481 3295 815 3363 Dominus
851 3294 1186 3384 populum
1223 3313 1456 3374 suum,
1488 3307 1553 3362 et
1599 3290 1801 3362 faciet
1828 3294 2163 3362 Dominus
2197 3291 2743 3381 redemptionem

245 3383 422 3453 lebis
470 3404 659 3452 suae.
713 3381 931 3474 Elegit
992 3383 1177 3452 enim
1242 3382 1376 3452 sibi
1439 3381 1662 3450 virum
1726 3379 2108 3451 secundum
2169 3402 2287 3449 cor
2333 3401 2567 3460 suum,
2621 3380 2744 3466 qui

221 3472 401 3542 aciat
431 3492 674 3540 omnes
706 3471 1089 3541 voluntates
1122 3493 1309 3552 suas,
1348 3469 1493 3557 qui,
1533 3491 1638 3540 me
1667 3468 2077 3559 opitulante,
2121 3490 2194 3538 re
2298 3491 2413 3540 um
2451 3469 2744 3557 adeptus

195 3560 601 3650 Anglorum‚
640 3561 892 3630 Danico
932 3559 1146 3630 furori
1185 3560 1396 3629 'finem
1434 3559 1764 3648 imponet.
1819 3558 1960 3627 Erit
1987 3558 2172 3626 enim
2267 3572 2549 3647 cceptus
2583 3562 2737 3638 De0‚

86 3711 91 3718 .
194 3665 436 3739 gratus
486 3649 909 3729 hominibus,
965 3648 1292 3719 terribilis
1323 3647 1660 3726 hostibuS,
1700 3645 2023 3717 amabilis
2060 3646 2353 3727 civibus,
2400 3645 2589 3715 utilis
2622 3649 2743 3714 Ec-

194 3737 469 3819 clesiae,
507 3738 1067 3825 laudabilemque
1097 3738 1305 3806 vitam
1344 3748 1580 3807 sancto
1630 3736 1765 3805 fine
1796 3735 2185 3806 concludet.
2226 3758 2261 3802 »
2297 3739 2484 3817 Quae
2508 3733 2745 3803 omnia

196 3827 267 3895 in
318 3827 515 3897 beato
564 3826 882 3897 Eduardo
929 3826 1292 3914 completa,
1350 3825 1442 3895 rei
1490 3825 1714 3894 exitus
1761 3823 2257 3914 comprobavit.
2301 3828 2468 3892 Cum
2510 3835 2742 3890 autem

194 3915 579 4005 Episcopus
625 3915 710 3985 de
774 3916 1162 4005 posteritate
1224 3914 1525 3984 Eduardi
1582 3925 1982 4001 quaereret,
2060 3910 2413 4002 respondit
2460 3925 2743 3982 sanctus

194 4007 469 4074 Petrus:
525 4030 559 4071 «
613 4010 925 4095 Regnum
975 4003 1377 4103 Anglorum,
1435 4024 1726 4093 regnum
1785 4002 1897 4072 Dei
1943 4015 2067 4071 est.
2115 4007 2269 4076 Post
2319 3999 2530 4070 istum
2584 4020 2742 4089 pro-

195 4091 453 4163 videbit
501 4115 727 4182 regem
779 4093 862 4162 ad
921 4091 1249 4181 placitum
1302 4113 1537 4161 suum.
1580 4113 1616 4157 »

285 4182 321 4267 ἓ
368 4187 452 4255 4.
508 4182 740 4252 Stabat
778 4181 1006 4252 adhuc
1056 4181 1346 4270 spiritus
1397 4179 1771 4270 procellae,
1823 4190 1891 4248 et
1934 4176 2209 4248 exaltati
2273 4188 2437 4247 sunt
2489 4176 2744 4246 fluctus

194 4268 369 4356 ejuS‚
421 4272 855 4358 externisque
897 4269 1099 4339 malis
1147 4269 1432 4340 accessit
1460 4268 1685 4338 civilis
1725 4267 2094 4341 discordia.
2132 4267 2301 4336 adeo
2334 4278 2412 4335 ut
2440 4266 2599 4354 quis
2628 4265 2746 4335 cui

196 4360 447 4428 mentis
495 4382 660 4429 suae
710 4374 964 4429 secreta
1026 4359 1519 4441 committeret,
1579 4357 1984 4428 nesciretur.
2037 4356 2243 4426 Plena
2303 4371 2449 4425 erat
2506 4353 2742 4444 prodi-

196 4447 462 4518 toribus
535 4447 796 4528 insula;
853 4469 1198 4534 nusquam
1268 4462 1410 4516 tuta
1475 4447 1677 4529 fides,
1734 4467 2080 4533 nusquam
2150 4445 2299 4515 sine
2346 4443 2742 4533 suspicione
