3347 4999
732 252 860 317 486
1517 263 1597 314 nn
1645 267 1700 315 s.
1754 265 2042 314 nssnwtes
2089 206 2280 315 vinna
2855 249 3027 315 OCT.
3083 252 3167 316 ’17

648 352 966 445 Episcopi
1011 350 1482 421 benedictione
1512 351 1825 430 solemni,
1861 363 2256 442 perpetuam
2307 350 2799 421 continentiam
2847 374 2995 422 sese
3023 375 3168 423 ser·

647 455 925 513 vaturos
960 440 1427 530 promitterent
1447 439 1503 506 *.
1544 440 1658 509 Dei
1698 441 1879 509 enim
1931 440 2188 530 Spiritu
2234 440 2675 521 corroborati,
2728 440 3006 531 triginta
3033 442 3171 511 cir·
3240 482 3267 513 ι

645 532 813 601 citer
850 551 1067 600 annos
1115 528 1259 599 solo
1296 528 1486 598 thoro
1534 528 1853 619 separati,
1907 529 2111 598 vitam
2159 527 2413 599 duxere
2459 529 2787 599 castitatis
2834 530 3171 616 pulcritu-

644 620 807 689 dine
856 618 1144 688 mirifice
1190 617 1599 687 decoratam.
1653 623 1811 687 Toto
1861 639 2016 687 vero
2048 618 2177 686 hoc
2227 629 2563 707 tempore,
2616 616 2863 687 Christi
2910 618 3170 689 ancilla

643 729 1081 797 summopere
1120 707 1188 774 in
1224 728 1372 775 eam
1420 727 1657 777 curam
1707 707 2181 787 incumbebat,
2237 727 2322 775 ne
2368 728 2448 776 ea
2496 706 2939 789 continentia,
2992 727 3171 793 quae

634 797 782 886 jam
846 818 980 865 non
1035 794 1272 886 paucis
1327 796 1735 875 innotuerat,
1787 806 1851 864 et
1898 817 2099 885 saepe
2145 793 2623 865 declarabatur
2672 795 2908 866 multis
2976 795 3164 865 haud

641 884 959 955 obscuris
1004 883 1320 965 indiciis,
1374 882 1517 953 ulla
1565 883 1865 965 ratione,
1920 884 1988 953 in
2043 883 2477 954 infirmorum
2537 883 2833 965 animiS‚
2885 884 3173 955 sinistra

642 974 876 1062 aliqua
914 972 1305 1063 suspicione
1336 971 1813 1042 obfuscaretur
1846 972 2133 1072 (quippe
2175 972 2296 1059 qui
2353 972 2551 1042 facile
2584 973 2717 1043 arri
2778 973 2920 1042 iant
2973 995 3168 1045 scan-

639 1063 781 1132 dali
833 1063 1210 1142 materiam,
1271 1073 1336 1131 et
1366 1070 1716 1147 tamquam
1773 1082 2130 1150 spinarum
2190 1059 2413 1131 aculei
2460 1065 2637 1131 terra
2682 1084 2722 1131 o
2776 1063 3171 1133 trectatione

642 1164 955 1242 pungant
1000 1163 1066 1220 et
1099 1150 1394 1220 lacerent
1425 1149 1761 1219 bonorum
1796 1170 2081 1239 operum
2131 1171 2343 1232 rosas,
2386 1172 2561 1237 quae
2594 1150 2779 1241 apud
2830 1150 2986 1221 illos
3018 1173 3168 1221 cre·

643 1239 895 1328 scunt).
942 1244 1154 1327 Atque
1200 1241 1280 1308 ea
1317 1240 1526 1308 causa
1574 1238 1743 1307 adeo
1783 1238 2036 1308 vitabat
2083 1238 2308 1307 mariti
2341 1238 2447 1310 sui
2495 1238 2859 1326 colloquia,
2916 1252 2987 1309 ut
3018 1240 3172 1310 sola

643 1350 801 1398 eum
856 1349 990 1397 non
1041 1326 1280 1408 adiret,
1326 1348 1448 1396 nec
1487 1326 1550 1395 ei
1597 1326 2011 1413 loqueretur,
2054 1326 2186 1395 nisi
2232 1349 2391 1396 cum
2445 1349 2841 1417 promovere
2884 1342 3171 1417 cuperet

643 1415 830 1518 apud
879 1439 1036 1486 eum
1086 1438 1292 1505 opera
1355 1415 1645 1505 pietatis,
1709 1428 1825 1484 aut
1873 1415 2142 1506 negotia
2206 1415 2681 1507 religiosorum
2734 1415 2832 1485 vel
2883 1416 3170 1486 misera-

643 1506 890 1576 bilium
942 1506 1300 1574 hominum
1351 1502 1691 1593 expedire.
1745 1508 1970 1591 Neque
2000 1502 2067 1572 id
2119 1517 2345 1574 tamen
2394 1504 2703 1587 faciebat,
2744 1504 2879 1574 nisi
2912 1504 2983 1574 in
3019 1503 3171 1576 loco

690 1593 943 1675 ublico‚
996 1593 1096 1662 vel
1137 1595 1206 1663 in
1242 1592 1551 1672 ecclesia,
1590 1603 1655 1661 et
1690 1591 1789 1660 vel
1834 1591 2173 1683 pluribus,
2220 1592 2320 1662 vel
2372 1605 2445 1663 ut
2494 1594 2861 1664 minimum
2895 1592 3171 1666 duabus

637 1617 943 1753 honestis
983 1683 1290 1772 personis
1327 1681 1819 1772 praesentibus»,
1871 1694 1935 1750 et
1972 1679 2378 1769 plerumque
2423 1683 2626 1752 etiam
2684 1682 2891 1752 verba
2938 1683 3161 1773 ipsius

641 1772 1108 1842 audientibus,
1145 1776 1366 1840 Immo
1401 1791 1483 1839 ne
1534 1769 1612 1866 in·
1662 1770 1813 1859 ipsa
1851 1768 2127 1855 quidem
2183 1770 2333 1859 ejus
2384 1769 2563 1840 mala
2613 1770 2998 1841 valetudine
3049 1794 3164 1840 ac-

639 1861 845 1931 cessit
889 1881 1074 1938 eum,
1122 1860 1252 1927 nisi
1300 1857 1726 1946 adjunxisset
1772 1858 1902 1928 sibi
1942 1857 2289 1928 dominam
2323 1864 2581 1928 Annam
2632 1881 2890 1929 nurum
2939 1881 3159 1940 suam,

637 1963 703 2018 et
734 1949 908 2019 alias
953 1947 1286 2036 quasdam
1336 1947 1677 2017 dominaS.
1733 1950 2037 2033 Cumque
2082 1959 2257 2017 esset
2306 1947 2374 2015 in
2426 1947 2892 2017 Trebniciensi
2931 1970 3171 2018 mona·

639 2039 867 2118 sterio,
923 2058 1054 2106 non
1108 2058 1259 2106 raro
1292 2036 1361 2105 in
1409 2035 1809 2105 dormitorio
1857 2057 2166 2105 sororum
2215 2036 2535 2117 cubabat,
2575 2048 2722 2107 tum
2760 2058 2881 2127 pro
2927 2036 3169 2106 sedulo

641 2126 1018 2196 devotionis
1068 2124 1316 2206 studio,
1349 2138 1494 2194 tum
1526 2123 1613 2194 ob
1645 2124 2018 2194 honestatis
2050 2124 2439 2215 exemplum
2475 2125 2630 2195 aliis
2659 2125 3159 2215 praebendum.

728 2217 764 2301 ξ
811 2217 896 2286 4.
951 2218 1153 2283 Porro
1187 2212 1434 2282 famam
1489 2213 1765 2292 bonam,
1807 2235 2014 2300 quam
2067 2214 2132 2281 in
2183 2214 2407 2302 seipsa
2452 2229 2768 2285 accurate
2813 2213 3160 2293 excoluit,

638 2304 842 2372 etiam
893 2303 960 2370 in
998 2301 1153 2371 aliis
1186 2301 1550 2391 diligenter
1602 2302 2049 2372 conservavit.
2111 2301 2472 2391 Religiosis
2528 2303 2711 2372 enim
2763 2302 3167 2373 hominibus

640 2390 724 2460 ad
767 2412 917 2460 eam
951 2390 1402 2471 venientibuS,
1431 2390 1737 2477 quietum
1790 2402 1855 2461 et
1900 2391 2258 2460 honestum
2296 2390 2672 2482 hospitium
2725 2391 3164 2481 procurabat,

637 2480 759 2551 ubi
805 2491 990 2550 extra
1022 2478 1436 2549 secularium
1488 2479 1849 2549 hominum
1898 2478 2275 2550 tumultum
2324 2492 2390 2550 et
2437 2480 2761 2570 strepitus
2808 2478 3161 2572 degentes,

638 2591 759 2640 ora
808 2569 1229 2655 loquentium
1283 2567 1520 2655 iniqua
1559 2568 1862 2642 ‚facilius
1928 2581 2203 2659 possent
2257 2568 2644 2650 declinare;
2696 2572 2969 2658 totAque
3035 2570 3171 2638 vita

639 2662 768 2728 sua
807 2678 1082 2748 operam
1113 2656 1320 2737 dedit,
1353 2671 1428 2726 ut
1460 2657 1639 2727 sicut
1671 2678 1900 2726 coram
1935 2662 2068 2727 Deo
2107 2658 2559 2739 sanctissime,
2607 2659 2700 2728 ita
2737 2659 2941 2728 etiam
2978 2657 3165 2749 apud

637 2747 954 2816 homines
1002 2746 1480 2816 honestissime
1528 2759 1929 2815 versaretur.
1984 2750 2218 2832 ltaque
2272 2768 2541 2836 semper
2586 2746 2946 2817 honestam
2996 2768 3170 2834 quo·

635 2856 771 2922 que
818 2834 1030 2904 voluit
1064 2835 1312 2903 habere
1358 2833 1693 2903 familiam
1736 2834 1804 2903 in
1859 2847 1992 2903 tota
2037 2833 2196 2903 aula
2226 2857 2373 2917 sua,
2432 2836 2724 2906 maxime
2752 2837 2871 2924 qui
2906 2836 3170 2926 specia-

639 2923 793 2993 liter
839 2925 987 3014 ejus
1047 2919 1446 2994 ministeriis
1496 2936 1724 2993 essent
1770 2922 2112 3013 deputati;
2164 2922 2592 3015 feminasque
2655 2923 3164 3005 cubiculariaS,

637 3026 702 3082 et
748 3012 920 3083 alios
966 3011 1291 3082 officiales
1364 3010 1602 3081 habuit
1664 3012 1864 3081 bonis
1920 3011 2228 3084 moribus
2296 3027 2360 3082 et
2429 3013 2800 3103 disciplina
2859 3027 3163 3083 ornatos.

637 3107 1076 3181 Detractore8‚
1121 3106 1248 3170 Deo
1281 3099 1594 3182 odibiles,
1633 3099 2007 3171 familiares
2038 3100 2288 3171 habere
2337 3101 2577 3183 noluit,
2616 3124 2993 3189 eorumque
3046 3100 3173 3170 ob—

637 3190 1089 3269 trectationes,
1128 3188 1304 3259 duas
1357 3190 1606 3278 pariter
1644 3189 1936 3269 animas,
1988 3188 2326 3278 loquentis
2373 3203 2439 3261 et
2484 3190 2852 3273 audientis,
2905 3190 3170 3259 interfi-

638 3279 918 3354 cientes,
989 3276 1171 3346 haud
1224 3298 1422 3348 secus
1468 3299 1546 3347 ac
1597 3277 1784 3347 virus
1844 3277 2190 3365 quoddam
2246 3291 2311 3348 et
2358 3281 2785 3369 serpentinos
2836 3300 3112 3350 morsus
3148 3333 3165 3356 ,

640 3377 842 3452 atque
871 3365 1330 3464 instrumenta
1374 3365 1661 3456 maligni
1699 3366 2056 3436 daemonis
2103 3367 2654 3439 abominabatur.
2708 3373 2784 3438 Et
2829 3367 2993 3454 quia
3043 3389 3169 3437 no-

641 3466 826 3523 verat
868 3474 935 3521 in
978 3474 1185 3522 carne
1233 3466 1496 3543 praeter
1526 3476 1800 3524 carnem
1841 3455 2082 3536 vivere,
2124 3455 2356 3546 magni
2403 3477 2551 3526 esse
2602 3456 2823 3526 meriti
2856 3471 2922 3526 et
2952 3455 3166 3526 vitam

637 3540 1031 3632 Angelicam
1065 3563 1079 3609 :
1134 3541 1219 3611 ad
1267 3541 1853 3633 complectendam
1897 3544 2579 3632 conservandamque
2610 3545 2841 3615 carnis
2882 3544 3171 3635 integri-

639 3645 844 3701 tatem
884 3644 948 3699 et
994 3631 1396 3712 castitatem,
1441 3653 1649 3718 quam
1702 3633 1853 3721 ipsa
1897 3655 1937 3702 a
1974 3633 2220 3703 teneris
2253 3633 2454 3704 annis
2485 3656 2756 3725 semper
2792 3646 3164 3714 amaverat,

638 3734 841 3807 atque
878 3721 1253 3790 etiamnum
1290 3719 1599 3809 impense
1646 3720 1941 3802 amabat,
1992 3742 2465 3809 quoscumque
2496 3735 2757 3813 poterat
2803 3722 3161 3792 invitabat.

640 3814 734 3879 Ea
772 3811 1004 3889 causa,
1049 3819 1439 3878 constructo
1479 3808 1944 3879 Trebniciensi
1981 3811 2390 3881 monasterio
2420 3810 2511 3892 ⁴⁴³,
2551 3811 2807 3883 multas
2841 3810 2982 3881 illic
3026 3810 3172 3881 col·

631 3896 795 3986 legit
862 3896 1153 3967 feminas
1200 3909 1264 3968 et
1312 3897 1665 3986 virgines,
1720 3920 1896 3984 quae
1957 3900 2234 3968 Domino
2296 3899 2627 3970 servirent
2673 3901 2743 3969 in
2809 3899 3041 3970 cordis
3103 3911 3173 3969 et

633 3987 940 4074 corporis
975 3986 1265 4074 puritate
1283 3999 1348 4055 et
1378 3986 1708 4068 castitate,
1734 3986 2102 4057 ineffabilis
2129 3987 2386 4078 gloriae
2422 4009 2712 4059 coronas
2738 4001 3166 4079 recepturae.

684 4113 710 4138 2
739 4112 966 4151 inludunt
993 4112 1105 4152 haec
1131 4113 1276 4158 verba
1305 4112 1362 4152 sd
1388 4112 1613 4154 Matthaei
1645 4122 1745 4159 xm.
1765 4115 1790 4154 8
1809 4115 1855 4154 et
1876 4116 1941 4160 24.
1958 4123 2099 4164 quem
2117 4117 2299 4156 textum
2319 4115 2394 4155 SS.
2417 4116 2579 4156 Patres
2599 4116 2656 4156 de
2676 4112 2855 4166 triptici
2877 4117 3009 4156 statu
3027 4114 3177 4166 virgi-

631 4165 745 4211 nau,
764 4162 999 4215 conjugati
1019 4167 1066 4204 et
1085 4166 1262 4206 viduali
1280 4168 1393 4206 aunt
1418 4164 1729 4217 interpretati.
1755 4168 1867 4207 Vide
1887 4169 2156 4209 cornelium
2176 4178 2201 4207 a
2220 4169 2412 4217 Lepide.

706 4219 760 4244 *⁸²
785 4220 954 4258 Parum
984 4217 1129 4259 distat
1164 4229 1191 4259 a
1221 4220 1590 4260 wratislavtemt
1623 4221 1739 4260 urbe
1771 4218 2047 4261 coenobium
2075 4220 2402 4267 Trebnicenee,
2433 4232 2460 4262 a
2491 4221 2535 4262 S.
2565 4223 2797 4272 Hedwige,
2815 4222 2905 4262 sub
2920 4220 3108 4262 honore
3126 4229 3181 4263 et

630 4268 773 4314 titulo
810 4269 853 4312 S.
889 4272 1233 4313 Bai-tholomaei
1267 4274 1497 4322 Apostoli,
1528 4271 1835 4314 aedificatum.
1869 4275 1966 4314 Hoc
2000 4277 2162 4316 autem
2194 4276 2463 4327 percelebre
2495 4276 2831 4317 monasterium
2866 4273 3095 4317 censibus
3127 4279 3181 4316 et

625 4323 836 4366 introitis
867 4325 934 4364 ita
969 4326 1253 4367 instructum
1287 4330 1403 4372 erat.
1434 4328 1487 4366 ut
1504 4324 1643 4368 facile
1661 4325 1793 4368 mille
1811 4328 2007 4369 feminas
2026 4329 2153 4370 alere
2170 4331 2352 4380 posset:
2373 4338 2491 4378 quae
2518 4331 2685 4379 procul
2712 4327 2854 4371 dubio
2878 4338 2973 4369 non
3001 4338 3175 4370 omnes

630 4378 760 4419 vitae
779 4378 1024 4419 claustrali
1061 4376 1272 4420 addictae
1300 4384 1450 4422 erant.
