3347 4999
712 329 842 395 698
1553 348 1631 394 nr.
1689 347 1745 394 S.
1798 346 2038 394 simoen
2086 348 2230 394 Aba.
2858 327 3040 395 OCT.
3093 329 3176 394 24

621 454 782 502 esus
833 429 929 500 illi
1015 429 1170 500 anis
1215 442 1484 499 tantum
1519 430 1942 501 hordeaceus
1979 443 2147 510 erat,
2191 443 2257 501 et
2301 451 2506 518 aqua,
2560 430 2645 501 de
2677 431 2996 519 utrisque
3031 431 3173 501 ele-

628 520 875 590 mentis
922 519 968 589 li
1027 540 1136 588 ras
1185 518 1499 610 singulas
1548 541 1666 608 per
1713 519 1861 589 dies
1907 518 2223 610 singulos
2271 541 2579 590 sumens.
2635 521 2957 610 Rigorem
3010 542 3167 589 vero

624 609 872 679 hiemis
934 608 1083 677 sine
1133 606 1275 677 ullo
1329 607 1576 697 pedum
1629 620 1691 677 te
1749 608 1930 677 mine
1981 608 2118 698 pati
2178 620 2541 679 contentus
2598 622 2788 691 erat,
2844 608 3173 679 manibus

621 721 701 768 ac
738 697 1053 788 pedibus,
1109 695 1318 765 simul
1366 709 1433 766 et
1478 695 1653 766 collo
1729 700 1918 766 errea
1967 699 2210 766 catena
2257 697 2624 767 revinctus.
2673 697 2927 767 Dehinc
2958 719 3001 766 a
3034 697 3173 767 sra-

623 801 802 857 trum
854 785 1435 876 contemplatione
1496 796 1803 856 semotus
1833 839 1849 866 ,
1917 784 2222 856 solitaria
2272 808 2345 855 se
2394 785 2675 856 reclusit
2734 787 2804 854 in
2854 785 3164 865 cellula,

620 897 827 945 orans
875 874 1177 956 assidue,
1215 887 1419 961 atque
1467 873 1536 943 in
1587 874 1844 965 vigiliis
1889 888 1957 945 et
1985 873 2438 958 orationibuS,
2475 875 2586 944 die
2625 887 2972 960 noctuque
3020 875 3173 944 sine

620 964 1072 1055 ambiguitate
1138 962 1545 1052 perdurans„
1608 961 2008 1035 conferebat
2054 975 2283 1033 autem
2351 963 2619 1033 devotio
2667 962 2980 1033 fidelium
3039 963 3174 1053 ple·

625 1075 918 1139 rumque
954 1051 1346 1143 pecuniam,
1381 1072 1588 1138 quam
1628 1074 1762 1121 non
1807 1051 1873 1120 in
1908 1051 2161 1123 abditis
2208 1051 2480 1134 loculiS,
2519 1051 2637 1121 sed
2671 1052 2739 1121 in
2779 1073 3169 1142 pauperum

623 1142 1000 1229 marsupiis
1038 1139 1447 1220 condebant,
1488 1139 1657 1209 illud
1700 1139 2035 1209 Dominici
2066 1140 2320 1228 eloquii
2362 1140 2721 1210 oraculum
2753 1162 2960 1231 saepe
2989 1162 3174 1211 com·

624 1250 1061 1299 memorans:
1113 1231 1334 1298 Nolite
1390 1229 1858 1299 thesaurizare
1920 1231 2101 1299 vobis
2161 1232 2556 1299 thesaurum
2612 1252 2816 1321 super
2863 1241 3118 1299 terram
3142 1254 3169 1299 .-

617 1321 785 1410 quia
814 1320 934 1388 ubi
973 1320 1185 1418 [uerit
1217 1318 1575 1387 thesaurus
1621 1329 1800 1398 tuus,
1856 1319 2003 1387 illic
2049 1321 2176 1388 erit
2221 1328 2287 1387 et
2325 1342 2437 1389 cor
2484 1329 2676 1388 tuum
2720 1320 2998 1408 (Matala.
3045 1323 3162 1401 τι).

625 1407 836 1476 Dabat
881 1428 1065 1476 enim
1119 1407 1229 1475 hic
1267 1428 1444 1493 quae
1482 1407 1888 1497 accipiebat,
1945 1427 2066 1497 pro
2117 1407 2227 1475 Dei
2283 1406 2536 1477 intuitu
2586 1409 2654 1476 in
2707 1408 3005 1477 diversis
3052 1428 3173 1476 ne-

617 1495 1056 1566 cessitatibus
1104 1494 1249 1564 indi
1302 1495 1595 1565 entium.
1649 1494 1841 1565 Unde
1888 1493 2144 1565 sactum
2194 1507 2319 1575 est,
2371 1509 2448 1565 ut
2499 1497 2566 1565 in
2612 1497 2747 1566 vita
2782 1517 2907 1566 sua
2945 1495 3031 1565 de
3067 1497 3177 1566 bis

619 1585 924 1743 {implius
978 1606 1188 1672 quam
1300 1598 1605 1665 ucentos,
1641 1606 1683 1653 a
1719 1606 1892 1654 nexu
1940 1584 2311 1665 servitutis,
2364 1583 2716 1673 debitique
2763 1606 2974 1655 onere
3006 1585 3176 1655 sub-

646 1685 880 1744 evarit.

707 1765 744 1850 §
791 1768 876 1835 4.
931 1766 1097 1832 Cum
1148 1774 1377 1831 autem
1451 1783 1573 1832 nos
1620 1762 1689 1830 in
1743 1760 2159 1830 Turonicum
2209 1761 2243 1796 '⁶
2304 1761 2729 1832 venissemus
2760 1817 2776 1843 ,
2842 1784 3174 1852 egressus

619 1865 720 1920 est
766 1850 851 1919 de
897 1849 1172 1931 cellula,
1226 1850 1546 1938 venitque
1590 1849 1673 1920 ad
1728 1848 2180 1936 inquirendos
2231 1872 2393 1922 nos:
2447 1850 2900 1939 salutatisque
2937 1874 3024 1920 ac
3057 1853 3174 1921 de-

620 1939 949 2010 osculatis
982 1993 998 2020 ,
1053 1960 1407 2029 regressus
1462 1951 1563 2008 est
1625 1940 1901 2008 iterum.
1955 1943 2109 2008 Erat
2154 1940 2339 2009 enim
2373 1939 2503 2030 (ut
2563 1939 2925 2028 diximus)
2973 1939 3172 2010 valde

621 2029 1019 2109 abstinens,
1075 2049 1332 2097 sanans
1382 2027 1815 2098 infirmorum
1871 2027 2260 2117 languores.
2315 2028 2439 2098 Sed
2492 2041 2570 2098 ut
2616 2029 2703 2097 de
2747 2030 3171 2099 abstinentia

620 2118 973 2196 sanctitas,
1030 2117 1119 2186 ita
1166 2116 1253 2186 de
1299 2117 1656 2186 sanctitate
1704 2116 1966 2185 vanitas
1999 2119 2222 2205 coepit
2251 2118 2602 2207 obrepere.
2642 2122 2806 2187 Nam
2839 2138 3168 2208 egressus

616 2206 703 2275 de
737 2205 1012 2284 cellula,
1058 2205 1392 2293 jactantia
1438 2205 1855 2275 cothurnosa
1889 2204 1976 2274 ad
2009 2205 2456 2292 requirendos
2490 2205 3010 2292 visitandosque
3052 2230 3169 2294 pa-

623 2309 869 2374 rentes,
925 2294 992 2362 in
1045 2315 1298 2383 pagum
1355 2294 1856 2373 Pictavensem,
1909 2293 2112 2382 cujus
2173 2316 2386 2383 supra
2435 2295 2909 2376 meminimuS,
2972 2295 3163 2365 abiit.

621 2390 1138 2471 Regressusque
1174 2382 1482 2451 tumidus
1511 2383 1927 2472 arrogantia,
1968 2382 2099 2451 sibi
2139 2383 2268 2452 soli
2320 2383 2587 2472 placere
2629 2383 3003 2453 nitebatur.
3042 2384 3164 2453 Sed

617 2473 1026 2563 objurgatus
1074 2493 1111 2540 a
1164 2471 1384 2551 nobis,
1436 2483 1501 2542 et
1548 2473 1826 2561 accepta
1874 2470 2159 2551 ratione,
2196 2471 2377 2561 quod
2421 2494 2502 2542 su
2557 2472 2704 2542 erbi
2748 2472 2951 2574 longe
3003 2472 3171 2543 fiant

615 2586 656 2631 a
712 2584 924 2652 regno
979 2562 1137 2643 Dei,
1192 2560 1284 2629 ita
1332 2583 1404 2630 se
1456 2574 1825 2650 purgatum
1867 2561 2201 2649 jactantia
2234 2616 2250 2642 ,
2306 2562 2499 2632 humi
2533 2584 2640 2631 em
2697 2561 3043 2638 reddidit.
3096 2576 3169 2631 ut

620 2651 810 2721 nulla
860 2652 927 2720 in
979 2672 1059 2720 eo
1110 2650 1383 2738 penitus
1433 2649 1625 2719 radix
1672 2650 2041 2740 superbiae
2081 2663 2484 2731 remaneret,
2539 2650 2710 2720 adeo
2759 2664 2836 2721 ut
2888 2652 3165 2741 profite-

618 2755 851 2821 retur,
915 2738 1200 2809 dicens:
1256 2743 1482 2807 «Vera
1537 2760 1723 2809 nunc
1776 2760 1928 2808 esse
1968 2740 2253 2829 cognovi
2289 2761 2466 2827 quae
2512 2739 2756 2811 beatus
2804 2742 3167 2831 Apostolus

615 2830 794 2899 sacri
842 2830 982 2899 oris
1029 2840 1451 2897 contestatur
1494 2826 1791 2915 eloquio,
1846 2827 2123 2897 dicens:
2182 2830 2314 2911 Qui
2351 2832 2718 2919 ylariatur,
2776 2831 2848 2898 in
2891 2833 3166 2900 Domino

610 2921 946 3009 glorietur
975 2918 1072 3006 (l.
1115 2922 1261 2989 Gor.
1301 2925 1374 2999 1).
1424 2938 1460 2982 »

705 3014 744 3089 ἓ
782 3014 868 3080 5.
924 3006 1049 3077 Sed
1100 3028 1257 3075 cum
1297 3026 1419 3093 per
1448 3025 1609 3073 eum
1647 3003 1979 3073 Dominus
2012 3025 2221 3092 super
2260 3005 2577 3077 infirmos
2630 3005 2881 3076 multas
2916 3007 3167 3077 faceret

623 3095 931 3175 virtutes,
983 3107 1049 3164 et
1097 3094 1210 3163 ille
1260 3094 1351 3163 ita
1402 3114 1474 3163 se
1521 3091 1807 3163 dixisset
1854 3093 2210 3163 includere
2256 3093 2447 3174 velle,
2504 3107 2581 3165 ut
2621 3117 2984 3182 nunquam
3041 3097 3168 3167 hu-

619 3185 842 3255 manis
873 3184 1317 3273 adspectibus
1363 3193 1746 3271 appareret,
1785 3180 2152 3251 consilium
2190 3183 2564 3264 suasimuS,
2615 3195 2693 3252 ut
2742 3205 2878 3254 non
2911 3207 2986 3254 se
3025 3206 3168 3275 per·

617 3284 819 3359 petuo
867 3274 934 3340 in
986 3272 1116 3341 hac
1181 3270 1628 3340 conclusione
1692 3271 2237 3359 constringeret,
2297 3271 2431 3342 nisi
2481 3272 2548 3340 in
2602 3272 2741 3341 illis
2807 3271 3168 3342 dumtaxat

614 3360 885 3438 diebus,
924 3360 1042 3446 qui
1080 3360 1258 3429 inter
1288 3359 1787 3448 depositionem
1832 3361 2051 3429 sancti
2095 3358 2390 3441 Martini,
2428 3381 2507 3430 ac
2539 3360 2876 3430 Dominici
2916 3361 3164 3431 natalis

615 3447 1116 3519 solemnitatem
1157 3450 1535 3519 habentur:
1588 3447 1691 3517 vel
1744 3448 1811 3517 in
1871 3448 2010 3517 illis
2058 3446 2378 3517 similiter
2422 3449 2888 3539 quadraginta
2920 3505 2936 3531 ,
2992 3471 3166 3537 quos

613 3549 771 3606 ante
825 3537 1182 3607 Paschalia
1245 3536 1415 3608 festa
1472 3538 1540 3605 in
1603 3558 1879 3607 summa
1929 3536 2090 3605 duci
2146 3537 2564 3607 abstinentia
2613 3551 2886 3626 patrum
2941 3540 3172 3612 sanxit

615 3626 1035 3696 auctoritas:
1090 3626 1375 3714 reliquis
1425 3648 1581 3696 vero
1627 3626 1901 3704 diebus,
1955 3625 2395 3695 infirmorum
2445 3627 2706 3717 gratiA,
2762 3628 3049 3718 populis
3096 3649 3168 3696 se

617 3715 991 3805 praeberet.
1047 3714 1289 3785 Audito
1339 3728 1566 3785 autem
1618 3714 1909 3784 consilio
1947 3728 2202 3795 nostro,
2241 3712 2530 3785 libenter
2559 3738 2736 3804 quae
2774 3714 2962 3787 dicta
3004 3728 3171 3786 sunt
3231 3710 3238 3721 '

613 3804 903 3894 accepit,
960 3804 1406 3895 implevitque
1454 3804 1605 3874 sine
1652 3803 2127 3890 ambiguitate.
2184 3803 2486 3891 Denique
2531 3805 2696 3892 quia
2744 3804 2831 3874 de
2878 3826 3171 3874 conver-

610 3894 873 3963 satione
920 3893 1071 3963 e'us
1123 3914 1342 3983 pauca
1393 3892 1731 3982 prolocuti
1779 3914 2049 3971 sumuS,
2094 3892 2178 3961 ad
2236 3893 2540 3973 virtutes,
2583 3915 2758 3979 quas
2804 3914 2924 3982 per
2956 3891 3162 3963 illum

617 3916 1048 4137 mssdicabdis
1112 3982 1388 4052 divinae
1450 3981 1791 4071 potentiae
1837 3979 2112 4050 dextera
2172 3981 2441 4072 operari
2508 3982 2793 4072 dignata
2841 3995 2994 4063 est,
3054 4004 3174 4051 ac·

612 4091 691 4138 ce
744 4093 971 4140 amus.
1879 4118 1888 4133 ·

700 4160 736 4244 ξ
785 4165 877 4229 θ.
932 4163 1189 4229 Caecus
1224 4157 1509 4246 quidam
1545 4212 1562 4240 ,
1615 4156 1985 4247 Popusitus
2036 4158 2315 4228 nomine
2344 4212 2364 4239 ,
2421 4157 2508 4227 ad
2557 4179 2715 4228 eum
2763 4159 2949 4228 venit
2996 4164 3179 4243 (erat

612 4259 840 4315 autem
884 4260 1045 4316 tunc
1082 4249 1324 4317 beatus
1359 4246 1621 4316 Senoch
1650 4247 1796 4334 jam
1834 4247 2194 4336 Presbyter
2231 4246 2645 4336 ordinatus),
2676 4248 2796 4334 qui
2833 4247 3004 4317 dum
3045 4247 3180 4318 ali-

612 4333 777 4420 quid
822 4333 1130 4405 alimenti
1168 4335 1491 4425 postulat‚
1547 4336 1744 4405 tactis
1791 4358 1831 4405 a
1870 4335 2088 4405 sancti
2126 4335 2511 4405 Sacerdotis
2556 4358 2769 4406 manu
2801 4335 3061 4418 oculis,
3104 4349 3184 4407 ut

667 4459 693 4487 ¹⁸
723 4459 767 4502 8.
789 4457 1046 4511 angerius
1065 4461 1125 4502 ad
1142 4461 1414 4521 cathedram
1437 4463 1763 4503 'turonensem
1783 4463 2030 4512 promotu·
2046 4461 2140 4503 tut
2156 4472 2280 4504 anno
2297 4463 2391 4505 5⁶18.
