3347 4999
706 332 831 396 488
1368 349 1447 396 nn
1477 349 1569 397 55.
1612 349 1873 397 pucino
1921 351 1996 396 ΕΤ
2045 347 2244 397 socns
2291 352 2406 399 ιιιι.
2890 333 3067 400 OCT.
3121 337 3166 400 5

616 436 852 514 Amen,
904 431 1259 502 confestim
1299 432 1496 502 dolor
1525 433 1971 522 capitis,·quo
2006 455 2126 522 per
2176 435 2430 504 multos
2467 456 2686 506 annos
2742 434 2963 505 fuerat
3010 435 3170 506 fati-

659 534 838 603 atuS,
897 521 985 590 ab
1032 543 1111 590 eo
1157 521 1497 602 discessit,
1552 522 1910 611 coepitque
1969 521 2251 591 laudare
2298 536 2364 593 et
2426 524 2826 594 benedicere
2892 520 3101 594 Detfln
3138 581 3158 609 ‚

610 545 886 680 dicens:
934 632 969 675 «
1000 609 1407 679 Benedictus
1472 615 1649 680 Deus
1697 623 1762 679 et
1810 623 2001 700 pater
2053 612 2323 681 Domini
2385 614 2600 682 nostri
2646 614 2807 683 Jesu
2856 614 3154 696 Christi,

609 700 731 785 qui
779 720 889 767 me
929 720 1173 767 sanum
1210 698 1369 768 fecit
1417 699 1678 769 meritis
1724 711 1790 768 et
1835 699 2449 771 intercessionibus
2511 702 2892 773 beatissimi
2943 704 3164 793 patris

611 787 956 857 Benedicti
1011 809 1131 877 per
1163 788 1680 858 sanctissimum
1732 787 2086 858 Placidum
2123 789 2549 879 discipulum
2601 792 2777 881 ejuS.
2817 814 2854 858 »

700 884 737 957 ἓ
785 880 866 948 8.
920 881 1158 962 Itaque
1205 876 1374 947 dum
1427 876 1605 947 beati
1641 876 1898 946 Placidi
1932 879 2259 948 sanctitas
2302 901 2422 968 per
2460 901 2576 948 ora
2626 882 2938 948 omnium
2991 880 3166 950 voli-

611 975 806 1046 taret,
858 965 1142 1052 quidam
1186 986 1434 1034 caecus
1483 965 1839 1052 inopinato
1876 964 2311 1036 vociferantis
2376 968 2611 1057 populi
2652 967 2952 1038 clamore
3003 991 3167 1058 per-

612 1054 877 1134 culsuS,
937 1053 1226 1123 sollicite
1275 1054 1529 1123 interro
1580 1076 1696 1123 are
1741 1056 1965 1144 coepit
2010 1056 2175 1142 quid
2227 1070 2427 1126 esset.
2480 1059 2609 1140 Qui
2656 1078 2816 1127 cum
2871 1079 3166 1148 respon-

611 1142 897 1223 dissent,
928 1142 1111 1229 quod
1146 1142 1488 1223 PlaciduS‚
1571 1143 1913 1232 iscipulus
1944 1144 2122 1212 beati
2156 1145 2526 1227 Benedicti,
2561 1147 2874 1228 venisset,
2907 1169 3162 1217 caecus

611 1231 748 1300 fide
795 1229 1085 1312 fervens,
1118 1230 1278 1300 duci
1324 1254 1394 1302 se
1439 1243 1597 1301 ante
1625 1233 1898 1302 beatum
1935 1232 2285 1303 Placidum
2332 1234 2509 1315 fecit,
2567 1257 2954 1325 rogansque
2992 1257 3161 1306 eum

613 1342 736 1411 per
783 1332 1097 1390 sanctum
1134 1333 1198 1389 et
1240 1320 1541 1390 terribile
1589 1342 1837 1390 nomen
1880 1322 2173 1402 Domini,
2210 1334 2274 1391 et
2321 1325 2668 1394 obtestans
2701 1337 2777 1393 ut
2812 1325 2959 1393 suis
2998 1346 3164 1394 san-

613 1410 742 1479 ctis
806 1409 1126 1498 precibus
1198 1409 1559 1478 sanitatem
1634 1410 2029 1501 impetraret
2097 1433 2136 1479 a
2189 1411 2495 1482 Domino.
2568 1417 2858 1482 Sanctus
2923 1426 3162 1483 autem

613 1498 885 1568 Domini
936 1497 1277 1578 Placidus,
1337 1520 1522 1567 more
1575 1497 1708 1567 sibi
1774 1497 1996 1576 solito,
2051 1499 2117 1568 in
2184 1499 2418 1574 fletum
2479 1523 2854 1591 erumpens
2890 1557 2904 1583 ,
2943 1503 3164 1589 jussit

611 1609 770 1656 eum
814 1586 1068 1656 adduci
1117 1585 1201 1654 ad
1255 1608 1347 1667 se,
1386 1599 1452 1657 et
1498 1609 1657 1657 cum
1716 1588 2379 1678 appropinquasset,
2446 1612 2656 1679 super
2710 1592 2860 1680 ejus
2914 1590 3159 1661 oculos

613 1676 890 1765 signum
946 1675 1334 1746 salutiferae
1391 1677 1626 1746 Crucis
1673 1674 1956 1753 faciens,
2010 1676 2226 1746 oravit
2275 1676 2357 1745 ad
2431 1679 2820 1748 Dominum.
2877 1679 3164 1769 Expleta

613 1765 939 1846 oratione,
985 1776 1267 1833 sanctus
1328 1765 1596 1834 Domini
1643 1787 2017 1835 conversus
2065 1765 2148 1834 ad
2215 1788 2524 1848 caecum,
2577 1768 2783 1837 dixit:
2829 1790 2865 1834 «
2900 1774 2977 1837 In
3031 1789 3161 1837 no-

614 1854 801 1922 mine
850 1853 1096 1943 ipsiuS,
1153 1853 1275 1939 qui
1309 1853 1519 1922 solem
1555 1865 1620 1923 et
1651 1854 1891 1923 lunam
1946 1854 2013 1922 in
2048 1854 2219 1924 coeli
2268 1869 2670 1925 ornamento
2744 1858 3104 1927 constituit
3135 1912 3153 1939 ,

611 1954 676 2011 et
722 1965 925 2012 caeco
974 1953 1130 2010 nato
1178 1941 1436 2020 oculos,
1476 1964 1648 2029 quos
1702 1954 1946 2012 natura
1984 1951 2345 2032 negaverat
2390 1946 2826 2025 condonavit,
2872 1945 3161 2034 adjutus

615 2032 880 2100 meritis
925 2029 1341 2099 sanctissimi
1378 2032 1689 2122 magistri
1741 2031 1957 2101 nostri
2009 2031 2376 2110 Benedicti,
2430 2055 2634 2123 surge
2681 2056 2895 2104 sanus
2928 2049 2993 2104 et
3042 2036 3158 2102 in·-

613 2119 934 2199 columis,
989 2133 1054 2187 et
1103 2119 1422 2208 praedica
1481 2121 1812 2191 omnibus
1880 2119 2223 2189 mirabilia
2280 2122 2487 2190 Dei.»
2547 2122 2637 2191 Ad
2690 2123 2866 2199 hanc
2917 2144 3154 2192 vocem

613 2229 826 2277 sanus
874 2228 1274 2297 exsurgens,
1318 2230 1420 2286 ac,
1462 2209 1836 2297 improviso
1867 2210 2203 2299 sanguine
2249 2224 2566 2279 manante
2601 2211 2685 2280 de
2721 2211 3007 2291 lumine,
3046 2234 3160 2281 sa-

614 2296 822 2365 lutem
862 2318 1055 2364 suam
1100 2296 1279 2365 oculi
1326 2298 1732 2366 mirabiliter
1766 2309 2193 2387 receperunt.
2240 2303 2385 2367 Mox
2417 2320 2573 2369 vero
2608 2313 2681 2369 ut
2729 2299 2949 2369 lucem
2985 2322 3160 2368 con-

614 2385 855 2473 spexit,
921 2384 1002 2452 ad
1056 2385 1209 2472 ejus
1273 2387 1555 2477 vestigia
1617 2408 1849 2466 ruens,
1907 2386 2113 2475 pedes
2175 2385 2404 2467 illius,
2460 2389 2821 2457 insatiatus
2870 2389 3154 2477 gaudi0,

613 2471 999 2543 deosculari
1039 2473 1434 2544 avidissime
1464 2475 1709 2565 coepit,
1753 2475 2138 2564 pariterque
2187 2475 2529 2547 Gordiano
2567 2489 2631 2547 et
2690 2483 2943 2548 Donato
2996 2499 3161 2567 prae

610 2562 1142 2652 compunctione
1189 2562 1628 2645 deflentibus,
1667 2566 1787 2652 qui
1834 2566 1942 2634 Dei
1995 2564 2370 2635 laudabant
2407 2566 2777 2656 magnalia,
2834 2568 2996 2654 quia
3060 2568 3159 2635 ei-

612 2650 767 2719 dem
819 2673 1021 2722 caeco
1094 2651 1330 2721 oculos
1382 2653 1698 2722 restituit.
1755 2653 1877 2723 Sed
1933 2654 2098 2723 haec
2170 2655 2450 2741 quidem
2507 2669 2859 2745 praesente
2919 2669 3159 2726 sancto

612 2744 950 2810 Germano
999 2740 1332 2830 Episcopo
1363 2755 1547 2832 gesta
1584 2756 1828 2812 sunt...
1867 2742 2120 2811 Deinde
2177 2765 2418 2812 navem
2469 2744 2893 2825 conscendit,
2936 2758 3159 2815 trans-

609 2828 1004 2916 fretansque
1053 2834 1325 2912 Farum,
1380 2836 1760 2901 Messanam
1793 2831 1828 2866 ⁴⁸
1876 2831 2147 2900 Siciliae
2196 2831 2467 2901 devenit
2512 2833 2598 2902 ad
2649 2833 2921 2902 urbem.
2954 2838 3158 2903 Cum-

610 2940 745 3005 que
778 2918 1245 2989 descendisset
1292 2919 1374 2988 ad
1430 2932 1705 2999 terram,
1761 2919 2210 3000 Gordianum,
2251 2920 2588 2991 famulum
2642 2944 2873 3003 suum,
2909 2922 3158 2993 direxit

611 3008 696 3076 ad
731 3008 1098 3086 civitatem,
1156 3008 1495 3077 mandans
1544 3022 1621 3078 ut
1669 3008 2135 3089 Messalinum,
2167 3009 2382 3078 civem
2418 3016 2833 3092 Romanum,
2870 3010 3157 3081 Tertulli

609 3097 824 3186 patris
873 3096 975 3167 sui
1029 3096 1574 3177 amicissimum,
1626 3096 1714 3165 ad
1781 3118 1852 3167 se
1914 3110 2227 3178 vocaret;
2292 3113 2437 3168 erat
2483 3100 2665 3169 enim
2735 3098 3153 3170 ditissimus·

611 3188 825 3266 Quem
860 3185 981 3253 ubi
1024 3185 1305 3266 invenit,
1357 3185 1441 3254 ad
1496 3185 1658 3254 litus
1709 3185 1945 3267 maris,
1999 3186 2121 3256 ubi
2170 3201 2448 3258 sanctus
2508 3188 2779 3257 Domini
2828 3188 3154 3260 Placidus

612 3273 1043 3350 morabatur,
1098 3295 1330 3343 secum
1408 3273 1718 3343 adduxit.
1791 3274 2040 3344 Videns
2111 3289 2338 3345 autem
2393 3277 2800 3348 Messalinus
2872 3278 3154 3347 beatum

616 3359 969 3428 Placidum
1004 3360 1198 3449 juxta
1235 3362 1443 3431 maris
1486 3363 1681 3432 litora
1733 3377 2049 3445 stantem,
2104 3364 2533 3452 formamque
2566 3366 2717 3456 ejus
2748 3365 2965 3435 vultui
2991 3371 3158 3435 Ter-

611 3447 767 3518 tulli
817 3448 1030 3537 patris
1076 3450 1300 3539 ipsius
1338 3451 1860 3534 assimilantem,
1895 3474 2094 3540 equo,
2133 3475 2270 3540 quo
2299 3454 2663 3535 insederat,
2697 3452 3152 3537 descendenS,

607 3537 692 3606 ad
737 3535 944 3625 pedes
989 3538 1140 3624 ejus
1187 3538 1457 3608 cecidit.
1521 3544 1736 3622 Quem
1789 3541 2272 3612 sanctissimus
2340 3541 2659 3612 Placidus
2716 3565 2755 3612 a
2791 3555 2969 3612 terra
3014 3542 3160 3612 ele-

605 3647 777 3694 vans
823 3625 1174 3696 osculatus
1206 3640 1329 3708 est,
1369 3640 1570 3715 atque
1616 3630 2073 3709 benedicens,
2129 3651 2267 3698 rem
2335 3643 2610 3721 propter
2641 3653 2851 3719 quam
2908 3654 2950 3700 a
2991 3653 3159 3701 san-

609 3714 920 3784 ctissimo
971 3728 1161 3804 patre
1208 3716 1566 3787 Benedicto
1627 3719 1931 3790 directus
1987 3718 2247 3800 fuerat,
2315 3741 2435 3809 per
2497 3719 2814 3790 ordinem
2878 3721 3145 3810 pandit.

608 3802 1016 3873 Messalinus
1063 3826 1220 3874 vero
1254 3805 1524 3874 beatum
1564 3806 1917 3877 Placidum
1971 3806 2234 3877 diutius
2268 3809 2735 3899 complexanS,
2788 3821 2853 3878 et
2900 3810 2985 3879 ad
3036 3832 3154 3899 pe-

608 3905 761 3961 ctus
793 3915 998 3962 suurn
1056 3893 1521 3995 adstringens,
1594 3896 1936 3985 lacrymas
1991 3917 2263 3983 quoque
2323 3898 2614 3967 invicem
2684 3919 2849 3987 prae
2897 3899 3156 3999 gaudio

604 3979 971 4050 fundentes
1003 3982 1389 4052 immorati:
1443 3983 1723 4053 demum
1759 4005 2034 4071 quoque
2064 3983 2241 4053 idem
2281 3986 2689 4056 Messalinus
2726 3987 3159 4057 Gordianum

605 4080 671 4137 et
706 4073 1035 4140 Donatum
1074 4070 1373 4142 famulos
1420 4072 1568 4161 ejus
1608 4071 2059 4154 deosculans,
2112 4074 2641 4164 apprehendens
2690 4076 2938 4143 iterum
2989 4074 3159 4144 dex-

605 4170 816 4227 teram
855 4158 1031 4228 beati
1080 4160 1339 4230 Placidi
1389 4183 1467 4230 ac
1508 4159 1629 4229 diu
1680 4160 2113 4241 exosculanS,
2150 4185 2305 4232 cum
2360 4164 2623 4253 ingenti
2656 4164 2915 4234 honore
2953 4163 3152 4234 duxit

606 4247 689 4316 ad
742 4246 1025 4317 domum
1069 4271 1293 4330 suam,
1347 4263 1410 4320 et
1481 4249 1737 4339 repleta
1793 4264 1893 4319 est
1939 4251 2169 4320 omnis
2232 4252 2470 4321 civitas
2521 4258 2832 4323 Messana
2898 4251 3159 4343 gaudio

605 4357 817 4425 super
845 4336 1142 4407 adventu
1189 4338 1360 4426 ejus.
1416 4339 1824 4409 Messalinus
1879 4352 2105 4410 autem
2141 4393 2156 4420 ‚
2218 4340 2387 4409 dum
2438 4340 2510 4409 in
2573 4340 2779 4413 domo
2826 4364 2954 4412 sua
2993 4362 3158 4411 cum

658 4461 683 4484 ⁹
711 4462 888 4508 Italica.
907 4462 1129 4509 Messius,
1148 4473 1175 4503 a
1192 4464 1385 4505 Graecis
1405 4466 1670 4515 antiquitus
1687 4466 1900 4520 mndata,
1920 4467 2029 4507 sede
2048 4462 2440 4515 archiepiscopati
2459 4468 2714 4517 refulgens.
