3347 4999
640 381 641 386 ,
716 339 843 403 476
1490 355 1568 400 na
1617 355 1670 401 s.
1729 352 2074 401 rnANmsco
2122 352 2306 401 coar.
2813 405 2814 408 ,
2916 335 3112 401 OCT.
3167 339 3201 402 4

624 440 1075 531 Evangelium
1109 438 1490 510 secundum
1518 438 1878 518 Joannem,
1900 438 2082 525 quod
2120 437 2363 527 incipit
2389 437 2476 505 ab
2500 457 2579 506 eo
2611 437 2781 519 loco,
2807 444 2990 507 Ante
3022 439 3202 508 diem

623 533 873 687 §escum
922 528 1263 608 Paschae,
1321 527 1451 597 sibi
1503 527 1637 617 legi
1676 527 2008 617 poposcit.
2062 531 2217 616 Ipse
2272 548 2470 608 ver0,
2538 540 2739 615 prout
2794 527 3077 616 potuit,
3135 530 3201 596 in

678 620 836 707 ujus
876 616 1130 687 Psalmi
1168 637 1393 685 vocem
1436 617 1664 704 erupit
1701 641 1715 682 ι
1768 621 1925 685 Voce
1963 639 2114 684 mea
2146 616 2237 684 ad
2269 618 2620 684 Dominum
2660 619 2995 695 clamavi,
3048 641 3202 686 voce

625 730 776 776 mea
825 707 915 776 ad
954 708 1301 775 Dominum
1345 705 1741 795 deprecatus
1786 727 1983 783 sunu
2033 717 2096 774 et
2129 704 2214 773 ad
2257 704 2462 773 finem
2495 724 2721 790 usque
2768 705 3197 793 complevit:
3285 731 3286 738 ¹

623 801 745 879 Me,
794 795 1040 883 inquit,
1081 804 1472 884 eoespectant
1509 796 1709 884 justi,
1747 795 1946 862 donec
1979 795 2314 863 retribuas
2346 795 2538 862 milti.
2571 794 2874 862 Tandem
2913 796 3203 863 cunctis

627 885 695 954 in
732 907 889 954 eum
941 883 1303 973 completis
1348 883 1716 972 mysteriiS,
1774 883 2009 952 anima
2057 882 2171 950 illa
2213 882 2653 951 sanctissima
2684 905 2895 951 carne
2933 883 3196 964 soluta,

623 975 780 1044 etin
816 974 1146 1096 abyssum
1178 972 1451 1041 divinae
1481 971 1812 1041 claritatis
1847 971 2192 1061 absorpta,
2230 972 2472 1042 beatus
2501 972 2612 1040 Vir
2650 972 3094 1042 obdormivit
3136 974 3200 1042 in

628 1062 918 1133 Domino
998 1111 1014 1127 .

714 1155 750 1238 ξ
784 1156 934 1224 tu.
990 1155 1181 1219 Unus
1213 1162 1440 1218 autem
1476 1170 1558 1218 ex
1590 1148 1918 1217 fratribus
1950 1160 2014 1218 et
2046 1147 2218 1218 disci
2278 1149 2414 1219 ulis
2446 1151 2621 1236 ejus,
2659 1149 2828 1219 vidit
2876 1150 3202 1219 animam

627 1240 818 1309 illam
863 1240 1127 1309 beatam
1163 1238 1295 1307 sub
1329 1239 1554 1327 specie
1593 1237 1829 1306 stellae
1864 1237 2126 1326 praeful
2185 1239 2198 1306 i
2256 1261 2334 1307 ae
2368 1262 2407 1307 a
2447 1238 2745 1307 candida
2781 1238 3199 1309 subvectam

631 1328 1026 1407 nuhecnffi,
1093 1349 1302 1417 super
1339 1348 1555 1413 aquas
1608 1325 1865 1395 multas
1910 1327 1978 1394 in
2020 1349 2138 1396 coe
2173 1350 2287 1395 um
2348 1340 2529 1397 recto
2582 1327 2853 1396 tramite
2903 1350 3204 1398 sursum

627 1417 810 1498 ferri,
861 1431 1210 1502 tamquam
1266 1415 1589 1485 sublimis
1622 1416 2002 1486 sanctitatis
2050 1415 2349 1485 candore
2386 1416 2873 1506 praenitidam,
2927 1431 3005 1486 et
3056 1439 3203 1486 coe-

630 1507 816 1577 lestis
875 1505 1252 1595 sapientiae
1292 1504 1497 1575 simul
1550 1516 1616 1574 et
1661 1504 1920 1594 gratiae
1975 1505 2284 1574 ubertate
2343 1505 2694 1594 repletam,
2759 1507 3046 1592 quibu's
3104 1509 3205 1575 Vir

631 1607 915 1667 sanctus
951 1594 1327 1684 promeruit
1376 1593 1602 1662 locum
1655 1594 1935 1662 introire
1971 1593 2145 1662 lucis
2185 1607 2248 1663 et
2298 1595 2509 1684 pacis,
2566 1594 2685 1663 ubi
2720 1616 2884 1663 cum
2926 1596 3204 1665 Christo

629 1684 778 1755 sine
812 1683 947 1751 fine
987 1683 1302 1769 quiescit.
1344 1683 1650 1752 Minister
1687 1703 1961 1768 quoque
2011 1681 2299 1752 fratrum
2340 1685 2405 1751 in
2443 1689 2645 1752 Terra
2690 1683 2989 1753 Laboris
3046 1700 3204 1754 tunc

627 1785 772 1842 erat
818 1771 1025 1841 frater
1075 1772 1531 1861 AugustinuS,
1588 1771 1690 1839 vir
1737 1772 1975 1858 utique
2026 1785 2308 1841 sanctus
2348 1784 2412 1841 et
2436 1773 2696 1860 justuS,
2748 1773 2871 1859 qui
2912 1773 2996 1841 in
3041 1774 3207 1843 hora

626 1862 868 1931 ultima
915 1861 1201 1950 positus,
1254 1881 1412 1929 cum
1455 1860 1602 1946 jam
1659 1860 1782 1928 diu
1827 1859 2235 1948 perdidisset
2285 1860 2628 1948 loquelam
2662 1915 2677 1941 ‚
2730 1861 3204 1932 audientibus

626 1952 746 2037 qui
797 1949 1208 2027 adstabant,
1274 1948 1501 2018 subito
1562 1948 1884 2017 clamavit
1929 1961 1994 2018 et
2042 1949 2256 2018 dixit:
2313 1973 2348 2016 «
2383 1955 2712 2037 Exspecta
2768 1971 2905 2031 me,
2973 1957 3200 2032 Pater,

629 2053 992 2129 exspecta:
1045 2059 1200 2107 ecce
1246 2038 1375 2106 'am
1428 2037 1624 2106 venio
1675 2051 1991 2107 tecum.»
2042 2040 2544 2121 Quaerentibus
2575 2038 2908 2108 fratribus
2967 2056 3044 2109 et
3095 2042 3207 2110 ad·

630 2127 1044 2196 mirantibus
1109 2060 1458 2207 multum,
1526 2127 1637 2196 cui
1709 2128 1808 2195 sic
1869 2127 2311 2214 loqueretur,
2378 2134 2705 2197 audacter
2768 2129 3200 2218 respondit:

630 2239 665 2283 «
686 2222 920 2287 Nonne
948 2215 1187 2284 videtis
1215 2221 1477 2285 Patrem
1514 2228 1824 2285 nostrum
1855 2217 2320 2299 Franciscum,
2348 2217 2468 2304 qui
2499 2215 2681 2284 vadit
2706 2215 2791 2284 ad
2829 2218 3202 2288 coelumb.

632 2310 710 2374 Et
744 2305 970 2374 statim
1008 2318 1244 2374 sancta·
1283 2304 1503 2395 ipsius
1535 2306 1769 2374 anima
1821 2305 2128 2393 migrans
2160 2328 2202 2375 a
2230 2327 2461 2386 carne,
2500 2310 2764 2374 Patrem
2803 2318 2912 2375 est
2961 2322 3207 2377 secuta

632 2393 1178 2462 sanctissimum.
1233 2394 1612 2483 Episcopus
1644 2394 1987 2464 Assisinas
2020 2394 2105 2463 ad
2156 2395 2529 2464 oratorium
2573 2395 2792 2464 sancti
2830 2396 3208 2466 Michaelis

632 2481 702 2550 in
749 2493 973 2551 monte
1007 2485 1320 2571 Gargano
1357 2495 1520 2552 tunc
1553 2483 1882 2574 temporis
1915 2484 2487 2575 peregrinationis
2520 2487 2732 2554 causa
2766 2501 3202 2574 perrexerat,

631 2571 746 2639 cui
788 2571 1026 2641 beatus
1067 2572 1474 2641 Franciscus
1513 2594 1857 2662 apparens
1893 2587 2087 2642 nocte
2122 2574 2452 2642 transitus
2493 2574 2627 2654 sui,
2672 2573 2892 2643 dixit:
2955 2600 3000 2641 «
3038 2581 3208 2645 Ecce

633 2660 950 2747 relinquo
1002 2661 1393 2742 mundum,
1450 2676 1514 2730 et
1576 2662 1747 2730 vado
1810 2661 1894 2731 ad
1958 2662 2251 2731 coelum.
2294 2687 2317 2725 n
2375 2668 2570 2731 Mane
2630 2662 2841 2751 igitur
2891 2686 3210 2755 surgens
3285 2738 3286 2751 χ

632 2750 1038 2839 EpiscopuS,
1093 2751 1299 2820 sociis
1354 2751 1654 2819 narravit
1701 2772 1878 2837 quae
1927 2751 2115 2830 vidit,
2168 2761 2232 2819 et
2278 2752 2616 2821 Assisium
2666 2750 2978 2832 rediens,
3042 2776 3207 2823 cum

633 2837 924 2908 sollicite
961 2839 1427 2928 perquisisset,
1472 2838 2045 2908 certitudinaliter
2080 2839 2437 2929 comperit,
2477 2839 2661 2927 qued
2701 2861 2779 2908 ea
2813 2841 3028 2924 hora,
3068 2865 3212 2929 qua

637 2926 771 2997 sibi
808 2949 926 3017 per
960 2927 1290 2997 visionem
1329 2928 1649 3009 innotuit,
1701 2929 1939 2997 beatus
1973 2933 2167 2997 Pater
2203 2949 2282 3000 ex
2322 2927 2460 2998 hoc
2512 2928 2772 2998 mundo
2834 2930 3204 3019 migravit.

630 3015 953 3096 Alaudae,
976 3037 1133 3087 aves
1157 3016 1332 3086 lucis
1354 3018 1638 3097 amicae,
1661 3029 1726 3086 et
1747 3016 2316 3106 crepusculorum
2343 3018 2656 3089 tenebras
2676 3016 3203 3099 horrescentes,

635 3102 805 3173 hora
839 3105 1168 3174 transitus
1203 3106 1420 3176 sancti
1455 3106 1616 3177 Viri.
1669 3127 1827 3175 cum
1861 3106 2006 3195 jam
2043 3117 2219 3175 esset
2268 3106 2486 3175 noctis
2535 3120 2903 3176 secuturae
2942 3130 3211 3199 crepu-

637 3192 939 3273 sculum,
972 3207 1304 3262 venerunt
1338 3195 1405 3262 in
1447 3193 1891 3263 multitudine
1943 3216 2194 3285 magna
2241 3216 2449 3283 super
2490 3207 2737 3264 tectum
2790 3195 3084 3278 domuS,
3141 3210 3211 3266 et

637 3279 761 3349 diu
791 3303 950 3350 cum
1003 3281 1277 3350 insolita
1311 3282 1609 3368 quadam
1637 3282 2050 3370 jubilatione
2091 3296 2412 3363 rotanteS,
2456 3283 2713 3385 gloriae
2765 3288 3028 3367 sancti,
3080 3288 3214 3373 qui

637 3391 753 3437 eas
787 3369 873 3438 ad
909 3368 1180 3437 divinas
1221 3369 1458 3440 laudes
1490 3372 1780 3440 invitare
1819 3372 2065 3442 solitus
2115 3384 2281 3454 erat,
2334 3386 2468 3442 tam
2508 3372 2938 3463 jucundum,
2982 3397 3208 3463 quarn

636 3457 916 3526 evidens
951 3457 1413 3529 testimonium
1462 3460 1934 3549 perhibebant.

1144 3658 1237 3722 Dc
1270 3657 1789 3726 Canom‘zatione
1837 3667 1899 3725 et
1948 3660 2390 3727 translatione
2428 3659 2662 3748 ipsius.

724 3819 763 3894 ἓ
803 3818 967 3885 92.
1016 3814 1422 3884 Franciscus
1475 3815 1708 3916 igitur,
1759 3821 2007 3886 Servus
2061 3830 2127 3885 et
2176 3818 2454 3887 Amicus
2487 3817 2854 3900 altissimi,
2913 3820 3222 3889 Ordinis

636 3901 976 3971 Minorum
1028 3902 1314 3973 fratrum
1361 3905 1711 3974 institutor
1747 3918 1811 3974 et
1844 3905 2006 3986 dux,
2050 3908 2472 4006 paupertatis
2513 3905 2880 3996 professor,
2929 3910 3222 3997 patien-

636 3990 766 4059 tiae
801 3990 1043 4074 forma,
1084 3993 1381 4062 veritatis
1419 4015 1685 4082 praeco,
1726 3996 2107 4064 sanctitatis
2156 3995 2517 4083 speculum
2553 4049 2567 4075 ,
2618 4009 2684 4063 et
2724 3995 2936 4065 totius
2979 4002 3224 4067 Evan-

636 4080 893 4169 gelicae
946 4080 1376 4169 perfectionis
1427 4082 1814 4171 exemplar,
1872 4104 2176 4172 superna
2232 4096 2637 4174 praeventus
2675 4086 2902 4173 gratia
2933 4140 2949 4165 ,
3015 4085 3228 4155 ordi·

638 4182 796 4238 nato
862 4190 1229 4259 progressu
1297 4170 1395 4262 ab·
1446 4171 1711 4242 infimis
1779 4172 2086 4260 pervenit
2145 4172 2232 4243 ad
2297 4195 2595 4243 summa.
2675 4178 2876 4242 Hunc
2952 4175 3225 4245 Virum

689 4367 716 4395 ¹·
746 4367 871 4408 Obiit
897 4367 1089 4407 beatiss.
1118 4364 1387 4407 Patria-cha
1404 4364 1481 4408 die
1503 4368 1671 4417 quarta
1700 4368 1907 4409 octobris
1936 4370 2047 4410 anni
2074 4356 2216 4417 1226.
2233 4372 2446 4421 vesperi.
2473 4370 2581 4420 pont
2608 4379 2830 4411 occanum
2861 4370 2998 4418 solis,
3031 4374 3232 4413 aetatis

639 4429 751 4461 sune
770 4431 944 4461 annum
967 4431 1111 4471 agens
1132 4418 1321 4461 circiter
1339 4422 1558 4471 qutntum
1575 4433 1721 4473 supra
1737 4424 2165 4475 quadragesimum.
2185 4426 2318 4469 annis
2345 4424 2516 4477 viginti
2534 4424 2748 4474 019101182
2767 4435 2824 4466 8¹
2844 4435 2942 4476 ‘11¹0
2960 4427 3033 4468 δᾶ
3053 4428 3233 4469 Deum

634 4483 686 4515 se
706 4473 1047 4524 perfectissime
1068 4474 1357 4516 adhaeserat.
