3347 4999
692 322 822 388 208
1290 338 1369 383 ns
1418 337 1472 384 s.
1526 335 1870 383 emturum
1919 338 2087 384 vinc.
2141 337 2217 383 m
2265 336 2454 383 nitar.
2884 318 3060 384 OCT.
3119 320 3167 383 5

606 445 727 515 per
775 423 1167 493 universam
1227 423 1572 512 regionem
1643 420 2039 504 finitimam,
2093 421 2176 491 ad
2231 422 2561 511 probrum
2613 421 2673 489 ei
2724 421 3168 490 afferendum

602 525 978 582 convocent
1023 511 1311 581 chorum
1350 510 1893 600 impudicorum.
1949 516 2314 598 Postquam
2347 523 2575 579 autem
2614 510 2864 599 probro
2895 525 2960 580 et
2991 532 3164 580 con·

606 601 892 671 tumelia
937 599 1103 670 satis
1133 599 1336 670 fuerit
1385 600 1648 680 affecta,
1703 623 1853 668 eam
1906 601 1989 669 ad
2032 622 2139 669 me
2188 599 2516 679 reducite,
2556 613 2630 667 ut
2677 621 2780 681 ea,
2833 622 3007 687 quae
3039 599 3168 668 de-

605 703 806 771 sunt‚·
843 690 906 760 ei
951 688 1301 778 adjiciam.
1366 695 1619 776 Martyr
1651 701 1880 758 autem
1933 688 2179 758 Christi
2220 688 2283 757 ei
2322 688 2782 778 respondit:‚«
2818 694 2933 758 Est
2983 688 3167 759 mihi

603 779 936 859 Christus,
989 778 1113 866 qui
1159 778 1393 847 omnia
1434 777 1577 848 sola
1628 778 1974 848 voluntate
2024 780 2465 856 transmutat,
2513 791 2578 847 et
2617 777 2762 849 solo
2803 792 2999 857 nutu,
3033 779 3166 864 qui

601 868 806 937 etiam
859 889 1082 937 meam
1132 866 1438 936 animam
1489 866 1695 935 hodie
1744 866 2076 967 suscipiet
2125 866 2670 946 immaculatam,
2727 866 2888 947 tuis,
2927 888 2966 935 o
3002 890 3168 956 pro-

604 957 782 1039 fane,
822 956 1156 1047 dispersis
1189 969 1255 1024 et
1283 955 1639 1044 dissipatis
1687 955 2022 1025 consiliis.
2055 980 2090 1022 »
2120 961 2300 1025 Haec
2347 977 2505 1025 cum
2557 955 2864 1035 dixisset,
2904 978 3166 1028 manus

604 1044 840 1127 simul,
898 1060 1196 1115 mentem
1246 1058 1312 1114 et
1362 1043 1601 1114 oculos
1650 1045 1720 1111 in
1771 1044 2041 1113 coelum
2095 1044 2366 1124 tollenS,
2406 1044 2624 1114 oravit
2661 1050 2899 1126 Deum,
2944 1066 3162 1132 quem

603 1135 1062 1205 desiderabat.
1117 1139 1485 1221 Postquam
1536 1145 1767 1202 autem
1818 1134 2058 1214 oravit,
2096 1156 2257 1203 cum
2305 1155 2471 1223 pace
2511 1134 2697 1222 apud
2739 1155 2897 1202 eum
2936 1134 3160 1221 depo-

608 1224 747 1295 suit
785 1224 1118 1305 animam,
1172 1223 1573 1293 sacrificans
1616 1243 1870 1311 purum
1920 1244 2172 1312 corpus
2225 1235 2290 1292 et
2352 1222 2671 1311 spiritum
2731 1222 2817 1302 ei,
2877 1237 3162 1313 propter

605 1334 810 1400 quem
864 1314 1099 1383 omnia
1141 1335 1262 1403 pro
1298 1311 1513 1381 nihilo
1563 1311 1947 1399 reputabat,
2005 1312 2253 1381 melius
2295 1309 2626 1398 ,iudicans
2680 1311 2877 1393 mori,
2938 1335 3156 1400 quam

610 1423 891 1493 peccare
938 1403 1142 1472 etiam
1194 1415 1464 1490 praeter
1511 1401 1946 1469 sententiam.
3016 1419 3019 1422 “

696 1494 732 1578 ξ
780 1495 874 1562 G.
944 1491 1075 1574 Qui
1133 1503 1361 1561 autem
1413 1490 1618 1559 etiam
1671 1501 1825 1579 post
1876 1489 2026 1578 ejus
2076 1501 2391 1563 mortem.
2445 1489 2630 1579 apud
2684 1511 2756 1558 se
2805 1490 3163 1559 immorta-

608 1581 743 1650 lem
783 1580 1050 1650 volebat
1080 1579 1262 1648 alere
1310 1579 1681 1658 insaniam,
1737 1577 2132 1649 Consularis
2180 1577 2345 1665 quid
2395 1579 2892 1648 machinatur?
2941 1579 3163 1648 Jubet

606 1670 758 1759 ejus
806 1691 1060 1760 corpus
1106 1691 1267 1738 cum
1308 1668 1523 1737 multa
1557 1689 1766 1736 arena
1808 1668 1875 1735 in
1913 1688 2192 1736 saccum
2231 1667 2468 1754 injici,
2507 1681 2571 1737 et
2603 1668 2846 1757 projici
2889 1668 2956 1736 in
2997 1690 3163 1757 pro-

610 1758 908 1828 fundum
959 1758 1196 1839 mariS‚
1239 1778 1372 1826 non
1435 1756 1657 1846 magis
1715 1755 1906 1825 illam
1959 1755 2201 1824 deince
2256 1777 2289 1824 s
2328 1758 2677 1835 crucians,
2715 1779 2925 1844 quam
2963 1756 3161 1825 Chri-

609 1836 892 1928 stiano&
947 1860 1011 1917 et
1044 1847 1279 1917 volens
1309 1867 1424 1915 eos
1460 1853 1730 1936 privare
1763 1845 2023 1914 divitiis
2055 1858 2121 1914 et
2159 1867 2202 1934 g
2232 1846 2379 1914 oria
2415 1846 2895 1933 reliquiarum.
2941 1852 3162 1933 Atque

611 1937 709 2007 sic
736 1936 1017 2024 quidem
1048 1936 1130 2004 ad
1167 1936 1483 2005 effectum
1520 1946 1621 2004 est
1650 1934 1991 2004 deductus
2019 1933 2414 2004 Consularis
2437 1935 2709 2025 jussus;
2738 1948 2803 2004 et
2825 1935 2893 2002 in
2927 1934 3159 2005 undas

609 2027 995 2117 projectum
1044 2024 1176 2094 fuit
1221 2046 1476 2113 corpus
1523 2024 1865 2113 Martyris.
1918 2022 2044 2092 Sed
2097 2044 2180 2092 ne
2229 2036 2394 2092 tunc
2442 2023 2722 2110 quidem
2761 2024 2860 2093 tui
2899 2023 3160 2094 oblitus

609 2127 734 2194 est,
788 2136 828 2183 o
877 2113 1245 2194 Charitina,
1301 2117 1501 2194 Deus,
1553 2112 1673 2199 qui
1711 2112 2013 2182 vicissim
2051 2111 2394 2202 glorificat
2426 2134 2542 2183 eos
2579 2113 2699 2198 qui
2737 2113 2969 2202 ipsum
3008 2112 3155 2202 glo-

611 2203 910 2273 rificant.
945 2207 1112 2271 Nam
1143 2215 1307 2271 tunc
1332 2223 1628 2288 quoque,
1661 2214 1739 2270 ut
1771 2201 1963 2282 solet,
2000 2214 2319 2271 ostensus
2351 2214 2452 2271 est
2486 2200 2745 2271 faciens
2780 2202 3155 2292 magnalia:

609 2305 675 2361 et
712 2304 847 2360 tres
886 2290 1168 2377 quidem
1221 2303 1392 2361 totos
1424 2290 1571 2359 dies
1610 2312 1865 2377 corpus
1899 2290 2119 2360 tenuit
2168 2312 2354 2360 mare
2393 2289 2630 2379 pulcre
2664 2305 3011 2361 servatum
3043 2344 3060 2372 ,
3096 2303 3162 2360 et

612 2379 807 2450 nullo
859 2380 1133 2468 penitus
1181 2379 1593 2449 detrimento
1650 2380 1997 2448 affectum.
2067 2379 2325 2448 Deinde
2378 2401 2632 2469 corpus
2689 2379 2869 2448 idem
2904 2432 2919 2459 ‚
2972 2379 3157 2465 quod

612 2489 1051 2540 communem
1101 2467 1314 2541 coluit
1361 2468 1726 2538 Dominum
1769 2523 1783 2547 ,
1830 2467 2063 2558 ipsum
2103 2489 2380 2556 quoque
2428 2468 2713 2538 omnino
2756 2468 3154 2551 reveritum,

613 2558 834 2628 amice
883 2557 1089 2627 tradit
1122 2557 1551 2647 propinquae
1589 2557 1868 2627 cuidam
1922 2571 2159 2627 terrae.
2214 2559 2329 2626 Vir
2375 2570 2604 2627 autem
2654 2558 2939 2645 quidam
2975 2612 2991 2637 ,
3046 2559 3160 2627 cui

610 2668 861 2717 nomen
894 2645 1247 2726 Claudius,
1290 2645 1601 2727 moribus
1634 2646 1822 2715 mitis
1849 2669 1929 2716 ac
1966 2646 2386 2727 moderatus,
2424 2648 2546 2734 qui
2582 2653 2945 2737 Martyrem
2971 2646 3160 2716 alue-

613 2749 715 2808 rat
763 2735 848 2805 ab
890 2735 1170 2806 ineunte
1215 2747 1433 2805 aetate
1466 2789 1482 2816 ‚
1527 2756 1688 2805 cum
1732 2735 1801 2805 id
1854 2735 2144 2805 fideliter
2183 2735 2619 2811 sustulisset,
2689 2750 2755 2806 et
2806 2736 3157 2825 praeclare

611 2824 1006 2904 condiisset,
1062 2824 1133 2892 in
1183 2824 1485 2911 quodam
1518 2824 1909 2893 venerando
1949 2824 2096 2894 loco
2126 2824 2192 2895 id
2230 2826 2575 2914 deposuit,
2619 2825 2680 2895 ei
2718 2826 2968 2916 raptim
2998 2848 3159 2896 con-

612 2925 872 2984 structo
922 2913 1264 3003 sepulcro,
1310 2935 1448 2983 non
1498 2926 1576 2983 ut
1626 2913 1819 2983 illam
1854 2913 2160 2994 decebat,
2201 2913 2318 2983 sed
2375 2928 2454 2984 ut
2504 2928 2776 3005 tempus
2816 2914 3047 2995 dabat,
3097 2925 3160 2983 et

609 3024 888 3082 eorum,
939 3002 1060 3090 qui
1112 3014 1277 3072 tunc
1332 3023 1563 3072 rerum
1617 3002 2677 3093 potiebantur„praescribebat
2729 3015 2973 3073 metus.
3035 3003 3161 3072 Hic

609 3091 741 3162 fuit
785 3091 950 3161 finis
1017 3092 1264 3161 Christi
1328 3091 1648 3180 martyris
1709 3091 2121 3173 Charitinae‚
2194 3093 2437 3179 quinto
2507 3093 2768 3162 mensis
2820 3092 3154 3164 Octobris.

612 3184 691 3249 In
743 3179 1006 3337 Chr-xisto
1052 3185 1218 3250 Jesu
1268 3186 1344 3250 D.
1397 3186 1474 3251 N.
1529 3179 1653 3250 Cui
1701 3180 1923 3271 gloria
1988 3194 2054 3250 et
2103 3181 2405 3270 potentia
2460 3180 2530 3250 in
2596 3181 2832 3252 secula
2896 3180 3166 3252 seculo-

612 3288 794 3336 rum.
905 3289 1084 3337 men.
