3347 4999
239 376 412 443 OCT.
473 378 498 441 4
1081 397 1158 442 ΒΕ
1208 397 1264 443 s.
1318 397 1576 444 nemcio
1626 396 1920 445 Aacnmr.
2650 384 2690 447 7

239 473 617 544 litterarum
670 474 953 566 figura5‚
1007 497 1214 563 quam
1251 490 1536 545 eatenus
1567 476 1855 546 Hebraei
1887 476 2255 560 habebant,
2295 478 2644 567 repererit.
2698 484 2779 551 Et

234 564 304 632 in
353 563 639 653 epistola
691 564 867 655 regis
918 570 1318 635 Persarum:
1374 565 1749 634 Artaxersis
1780 566 2064 655 (Esdrae
2117 572 2207 647 ⁴⁰,
2265 567 2409 655 vu).
2481 562 2487 595 ¹

324 656 709 734 Quocontra
743 668 806 723 et
840 676 987 737 nos,
1028 653 1264 723 multis
1303 653 1459 722 aliis
1496 653 1805 743 perditis,
1854 653 2054 744 plura
2092 656 2163 724 in
2206 656 2622 743 quibusdam
2667 656 2778 725 hi-

235 741 463 810 storiis
496 753 559 809 et
591 741 879 814 diversis
916 741 1434 822 membranulis
1480 764 1559 811 ac
1601 741 1853 811 usitata
1897 742 2246 825 relatione,
2288 766 2326 812 a
2364 745 2775 834 praeceden—

236 830 422 898 tibus
454 829 683 899 relicta
717 831 1027 921 posteris,
1059 830 1144 899 de
1173 843 1328 900 ortu
1357 844 1421 899 et
1454 830 1610 912 vita,
1639 853 1761 899 seu
1796 831 2164 901 virtutibus
2194 845 2259 901 et
2287 833 2480 903 obitu
2506 834 2774 902 domini

235 929 300 986 et
347 918 764 988 sanctissimi
806 920 1016 1009 patris
1050 941 1129 989 ac
1165 919 1562 1009 protectoris
1611 920 1825 988 nostri
1865 920 2161 1011 Remigii
2193 921 2554 1002 habemus,
2601 944 2779 1009 quae

236 1006 304 1074 in
345 1022 715 1077 memorata
755 1007 1184 1098 excerptione
1221 1029 1353 1077 non
1391 1007 1855 1077 continentur.
1909 1009 2102 1078 Unde
2142 1009 2341 1078 bonis
2375 1010 2619 1081 vestris
2656 1011 2775 1079 de-

237 1094 509 1165 sideriis
544 1096 825 1186 placuit,
857 1111 934 1167 ut
966 1096 1083 1165 illa
1122 1118 1268 1165 mea
1302 1096 1591 1167 servitus
1623 1095 1708 1165 ad
1746 1096 2214 1187 ignorantium
2253 1110 2317 1166 et
2349 1099 2778 1186 subsequen-

238 1184 410 1252 tium
454 1184 762 1255 notitiam
797 1186 865 1253 in
902 1206 1120 1255 unum
1156 1184 1312 1254 colli
1368 1196 1530 1254 eret.
1571 1183 1764 1267 Quod
1799 1198 1862 1253 et
1892 1185 2037 1276 jam
2085 1186 2208 1255 diu
2257 1185 2597 1267 fecissem,
2640 1188 2777 1257 nisi

240 1292 347 1340 me
381 1294 537 1362 spes
573 1296 743 1343 vana
786 1273 1161 1355 deluderet,
1211 1275 1328 1360 qui
1383 1272 1626 1342 usdam
1681 1273 2092 1355 dicentibuS,
2139 1274 2301 1362 quia
2342 1275 2409 1343 in
2460 1274 2578 1345 illo
2611 1276 2774 1345 etin

238 1359 356 1427 illo
384 1360 532 1430 loco
562 1384 668 1432 ma
726 1385 893 1433 num
926 1363 1179 1431 librum
1214 1361 1300 1430 de
1334 1361 1703 1431 virtutibus
1733 1373 1798 1431 et
1830 1363 1964 1431 vita
1994 1363 2214 1463 ipsius
2256 1364 2525 1453 patroni
2564 1364 2777 1435 nostri

242 1451 538 1538 reperire
588 1474 667 1521 va
699 1473 906 1521 erem.
946 1450 1042 1519 Ad
1090 1473 1264 1538 quae
1313 1451 1613 1531 mittenS,
1652 1472 1830 1537 quae
1870 1451 2041 1519 mihi
2095 1451 2434 1540 promissa
2467 1451 2772 1534 fuerunt,

240 1538 518 1626 penitus
544 1539 715 1610 falsa
746 1540 999 1609 inveni.
1033 1545 1226 1608 Nunc
1256 1550 1511 1620 autem,
1540 1538 1920 1627 opitulante
1952 1541 2261 1621 Domino,
2290 1542 2413 1627 qui
2440 1540 2780 1610 mirabilis

237 1638 341 1696 est
387 1640 452 1697 et
498 1628 840 1729 gloriosus
890 1630 956 1696 in
1002 1628 1268 1697 Sanctis
1316 1627 1485 1709 suis,
1524 1627 1784 1697 meritis
1833 1628 2054 1717 ipsius
2105 1630 2324 1699 sancti
2361 1635 2779 1700 Francorum

241 1715 531 1816 apostoli
580 1731 645 1788 et
741 1717 962 1787 atroni
1012 1717 1251 1797 nostri,
1308 1716 1685 1802 vestrisque
1724 1716 2003 1806 adjutus
2042 1718 2496 1799 orationibuS,
2537 1739 2777 1818 aggre-

242 1802 396 1873 diar
442 1827 619 1892 quae
732 1806 802 1876 iu
851 1804 1135 1886 distuli,
1190 1828 1229 1874 a
1278 1805 1832 1895 progenitoribus
1877 1818 1941 1874 et
1988 1818 2141 1875 ortu
2189 1806 2339 1906 ejus
2388 1807 2526 1876 inci
2582 1829 2729 1876 lens
2760 1861 2776 1887 ,

242 1904 310 1961 et
357 1893 457 1963 sic
512 1906 643 1963 tam
696 1917 811 1975 ea,
867 1916 1043 1981 quae
1090 1894 1160 1962 in
1212 1893 1518 1962 historiis
1566 1916 1604 1961 a
1655 1894 2027 1982 Majoribus
2074 1895 2277 1964 editis
2308 1950 2323 1975 ,
2377 1895 2461 1963 de
2510 1896 2629 1965 ilo
2678 1896 2782 1963 in·

242 1981 443 2063 veni,
496 2004 704 2069 quam
754 1994 819 2052 et
865 1982 1007 2064 illa,
1059 2005 1236 2069 quae
1286 1982 1354 2050 in
1407 1982 1698 2051 diversis
1748 1981 2097 2052 schedulis
2154 1983 2468 2072 dispersa
2518 1983 2775 2074 reperi:

244 2091 482 2140 verum
531 2085 595 2141 et
643 2072 763 2141 illa
812 2073 880 2141 in
932 2072 1107 2141 serie
1153 2071 1497 2159 digerens,
1546 2092 1723 2158 quae
1765 2070 2042 2161 vulgata
2092 2071 2417 2141 relatione
2468 2071 2777 2162 percepi:

244 2158 409 2244 quia
455 2172 530 2228 ut
578 2160 778 2252 longe
826 2173 982 2230 ante
1033 2182 1155 2229 nos
1203 2159 1466 2229 dictum
1517 2161 1650 2241 est,
1695 2172 1759 2229 et
1805 2160 2007 2229 etiam
2061 2160 2131 2229 in
2183 2162 2440 2230 sanctis
2490 2161 2782 2251 scriptu·

245 2246 341 2315 ris
376 2302 390 2328 ,
445 2249 559 2317 sed
632 2262 696 2319 et
758 2250 826 2318 in
877 2249 1271 2339 evangelica
1321 2247 1597 2316 veritate
1644 2249 2108 2337 comperitur:
2164 2272 2320 2318 vera
2367 2262 2468 2320 est
2516 2250 2620 2319 lex
2670 2250 2778 2318 bi-

246 2336 516 2419 storiae,
571 2338 978 2428 simpliciter
1024 2360 1125 2418 ea,
1177 2358 1352 2424 quae
1403 2335 1585 2405 fama
1636 2335 1957 2426 vulgante
2019 2337 2467 2428 colliguntur,
2521 2338 2606 2407 ad
2677 2339 2784 2406 in-

245 2426 687 2496 structionem
743 2426 1154 2517 posteritatis
1189 2425 1430 2495 litteris
1459 2425 1968 2495 commendare.
2009 2430 2084 2495 In
2129 2428 2387 2514 quibus
2426 2427 2776 2506 omnibuS,

248 2513 563 2584 lectorem
616 2515 974 2585 diversitas
1024 2515 1182 2604 styli
1233 2536 1368 2586 non
1421 2516 1806 2604 perturbet:
1843 2517 2171 2602 quoniam
2207 2538 2310 2598 ea,
2344 2538 2521 2603 quae
2562 2517 2647 2586 de
2679 2517 2785 2584 hi-

248 2604 475 2672 storiis
525 2603 856 2693 Majorum
907 2603 1296 2682 adsumam,
1353 2614 1418 2671 et
1463 2625 1541 2672 ea
1589 2624 1767 2689 quae
1815 2603 1884 2672 in
1937 2605 2242 2692 antiquis
2293 2605 2643 2676 schedulis
2685 2628 2785 2675 re-

252 2691 538 2780 periam,
595 2692 689 2760 ita
737 2704 813 2760 ut
862 2693 1136 2760 inventa
1183 2690 1461 2771 suerint,
1518 2713 1856 2780 ponam...

335 2782 372 2866 ξ
418 2786 494 2851 1.
564 2786 720 2849 Post
785 2779 1158 2849 vindictam
1211 2778 1546 2850 scelerum
1600 2780 1702 2868 (a)
1735 2835 1750 2860 ,
1803 2803 1980 2867 quae
2039 2779 2215 2850 facta
2263 2792 2365 2850 est
2409 2805 2450 2850 a
2499 2781 2786 2851 Domino

248 2868 454 2937 caede
503 2868 877 2938 Galliarum
911 2923 926 2949 ,
981 2880 1434 2955 prosequente
1480 2869 1966 2938 Wandalorum
2022 2869 2460 2950 crudelitate,
2519 2869 2787 2938 miseri—

248 2956 553 3026 cordiam
605 2957 774 3027 coeli
826 2956 1295 3026 distillarunt:
1349 2977 1505 3025 cum
1558 2957 1642 3025 ad
1699 2957 2178 3048 mitigandam,
2219 2959 2443 3048 gentis
2494 2964 2785 3026 Franco-

250 3067 401 3113 rum
456 3046 816 3115 barbarica
864 3045 1207 3115 ferocitate
1239 3059 1834 3134 superventuram,
1866 3046 2138 3115 divinae
2165 3046 2787 3115 animadversionis

249 3147 527 3224 propter
574 3134 971 3222 iniquitates
1023 3148 1531 3224 perseverantes
1579 3134 1939 3214 ultionem,
1995 3135 2258 3203 mundo
2307 3135 2696 3224 praesulem
2748 3157 2788 3203 a

252 3228 384 3380 Peo
457 3223 1039 3312 praedestinatum
1078 3278 1093 3305 ,
1147 3222 1538 3312 Remigium
1604 3222 2000 3313 pontificem
2071 3222 2197 3293 hoc
2263 3224 2506 3293 ordine
2559 3237 2789 3314 protu-

279 3324 504 3381 erunt.

339 3402 375 3486 ξ
427 3404 516 3469 2.
591 3406 747 3470 Erat
792 3400 1076 3487 quidam
1140 3399 1594 3480 venerabiliS‚
1649 3422 1729 3468 ac
1776 3399 2031 3489 dignus
2084 3398 2503 3500 professione
2549 3411 2614 3469 et
2665 3421 2788 3469 no-

255 3489 463 3569 mine,
521 3495 883 3558 Montanus
934 3488 1317 3558 monachus
1355 3544 1369 3570 ,
1423 3489 1492 3556 in
1549 3487 1930 3557 reclusione
1978 3487 2354 3558 solitariam
2406 3489 2614 3559 vitam
2664 3487 2788 3555 du·

252 3599 438 3670 cens,
474 3578 787 3668 jejuniis,
827 3577 1105 3668 vigiliis,
1151 3589 1354 3662 atque
1387 3577 1816 3646 orationibus
1848 3578 2174 3646 continue
2207 3598 2483 3657 vacanS,
2522 3597 2789 3646 necnon

254 3679 676 3736 caeterarum
709 3667 1037 3736 virtutum
1074 3665 1467 3754 insignibus
1492 3665 1661 3734 adeo
1687 3665 2029 3734 divinitati
2064 3688 2133 3736 se
2167 3665 2788 3735 commendabilem

257 3754 575 3836 reddens,
610 3767 687 3824 ut
734 3777 817 3824 an
874 3753 1066 3824 elicis
1115 3775 1316 3842 saepe
1356 3752 1697 3824 frueretur
1729 3753 2077 3841 alloquiiS‚
2115 3766 2179 3824 et
2217 3754 2605 3840 frequenter
2642 3775 2793 3822 coe-

255 3842 542 3913 lestibus
590 3843 832 3912 visioni
892 3865 972 3912 us
1021 3865 1099 3912 ac
1132 3841 1662 3912 revelationibus
1714 3844 2094 3914 interesset.
2135 3847 2202 3913 Is
2250 3865 2413 3933 ergo
2446 3865 2602 3911 cum
2643 3864 2794 3931 per-

156 3995 161 4000 .
255 3931 417 4022 vigil
469 3933 534 4000 in
588 3932 892 4001 oratione
942 3953 1063 4019 pro
1114 3953 1277 4020 pace
1326 3944 1602 4000 sanctae
1651 3931 2015 4011 Ecclesiae,
2060 3952 2236 4018 quae
2287 3930 2523 4000 multis
2571 3953 2654 4000 ac
2694 3929 2796 3998 di-

255 4021 469 4090 versis
528 4019 1016 4089 afflictionibus
1088 4020 1272 4109 apud
1340 4020 1716 4090 Galliarum
1775 4035 1838 4089 et
1911 4020 2336 4109 Belgicarum
2405 4018 2796 4110 provincias

258 4110 651 4189 vexabatur,
699 4108 815 4177 Dei
864 4108 1352 4198 omnipotentis
1413 4108 1849 4178 clementiam
1903 4108 2265 4179 indefessis
2315 4108 2640 4199 precibus
2688 4128 2800 4175 ex-

256 4209 501 4279 oraret,
540 4211 732 4268 nocte
770 4196 1072 4284 quadam
1111 4196 1265 4287 plus
1305 4196 1504 4267 solito
1537 4198 1913 4268 orationem
1957 4196 2325 4287 protelans,
2366 4218 2585 4284 usque
2619 4195 2798 4265 lucis

310 4394 373 4455 (a)
401 4393 609 4445 Irruptio
638 4391 713 4434 hie
736 4391 975 4434 indicatur
992 4394 1323 4434 Wandalorum
1343 4403 1462 4442 quoe
1483 4404 1590 4434 cum
1611 4394 1721 4434 aliis
1741 4392 1954 4434 barbaris
1976 4394 2025 4433 in
2044 4392 2222 4432 Gallias
2242 4392 2473 4436 evocavst,
2494 4402 2616 4432 anno
2635 4398 2810 4434 ccccvi.

263 4449 439 4541 §t{lilci‹}.
469 4447 651 4540 prlimus
678 4446 886 4488 Honorio
916 4445 1190 4497 imperatori
1218 4457 1244 4487 a
1270 4445 1494 4494 consiliis.
1513 4450 1596 4497 qm
1614 4449 1842 4497 regnandi
1859 4448 2094 4496 cupidine,
2110 4447 2210 4485 tam
2229 4455 2372 4495 grave
2393 4455 2587 4486 romano
2603 4439 2809 4493 Imperio

263 4512 308 4540 m
336 4512 366 4541 n
454 4512 517 4541 vu
540 4511 644 4542 nus.
