3347 4999
228 285 406 352 OCT.
459 284 501 349 2
884 300 963 345 mr
1010 299 1066 347 s.
1120 297 1510 346 LnonccAmo
1558 298 1756 347 muse.
1810 300 1884 346 m
1931 300 2121 348 naar.
2594 287 2665 352 Ἡ

228 388 443 457 nudis
478 384 773 475 pedibus
816 404 938 471 per
984 383 1356 470 quamdam
1413 383 1750 471 piscinam
1807 383 2098 466 traduci,
2137 384 2207 452 in
2239 406 2378 472 qua
2416 400 2610 457 erant
2651 412 2771 479 pe-

224 489 375 545 trae
402 476 619 544 instar
649 473 997 543 clavorum
1042 484 1307 541 acutae.
1342 471 1595 541 Deinde
1624 471 1880 542 evulsis
1907 472 2050 560 jam
2092 473 2338 553 oculis,
2378 475 2574 545 humi
2607 500 2768 547 eum

227 564 595 656 prosterni,
643 562 1093 649 linguamque
1140 573 1205 629 et
1252 559 1438 628 labia
1486 559 1725 640 incidi,
1764 574 1841 629 ut
1886 559 2132 631 ablatis
2180 562 2422 644 oculis,
2479 566 2772 654 pedibus

225 653 544 723 contritis
591 664 654 720 et
693 650 1088 726 conscissis,
1130 648 1368 737 lingua
1428 661 1491 717 et
1543 648 1744 718 labiis
1791 649 2055 728 incisis,
2111 652 2580 723 membrorum
2636 676 2771 725 usu

214 754 487 831 erepto,
542 738 852 828 corporis
903 737 1167 807 viribus
1214 737 1406 805 omni
1453 758 1532 805 ex
1584 750 1776 827 parte
1823 737 2184 819 enervatis,
2250 752 2326 808 ut
2377 762 2498 810 nec
2545 743 2769 813 oculis

276 843 459 900 osset
498 843 743 899 terram
795 847 1099 906 cernere,
1162 847 1286 893 nec
1331 825 1625 915 pedibus
1676 825 1987 916 ingredi,
2044 848 2167 896 nec
2218 825 2494 917 linguae
2541 831 2769 901 officio

257 919 518 988 andare
565 921 984 986 Creatorem:
1041 914 1316 985 tandem
1368 914 1437 983 in
1476 914 1979 1003 blasphemiam
2020 927 2268 995 rueret,
2305 928 2510 1002 atque
2543 920 2635 989 ita
2668 942 2770 990 sa-

230 1008 375 1077 lute
408 1006 596 1076 omni
636 1005 1039 1095 privaretur,
1094 1024 1328 1089 quam,
1380 1002 1733 1073 laudando
1783 1007 2020 1084 Deum,
2061 1003 2191 1073 sibi
2235 1003 2584 1094 ingentem
2619 1029 2766 1078 coe·

228 1096 399 1166 litus
437 1095 870 1164 obtinuisset.
922 1098 998 1163 At
1046 1114 1224 1172 ver0,
1277 1092 1397 1179 qui
1438 1092 1587 1161 sine
1620 1112 1782 1160 voce
1814 1091 2020 1160 corda
2053 1092 2247 1161 audit
2278 1098 2477 1177 Deus,
2523 1097 2772 1187 magis-

226 1206 366 1272 que
415 1195 695 1273 rogatur
741 1181 945 1251 corde
992 1180 1307 1262 contritO,
1351 1202 1560 1267 quam
1625 1180 1919 1250 elatione
1965 1180 2423 1270 superborum
2465 1237 2479 1264 ,
2536 1206 2768 1255 vocem

229 1274 522 1343 tacentis
564 1272 977 1360 propensius
1025 1269 1309 1349 audivit,
1360 1290 1568 1356 quam
1620 1268 1795 1339 elate
1842 1268 2206 1355 loquentis.
2262 1269 2384 1340 Ille
2421 1272 2605 1341 enim
2669 1273 2771 1343 vir

227 1377 516 1432 sanctus
545 1360 856 1429 divinum
902 1357 1317 1447 implorabat
1362 1357 1728 1438 auxilium,
1761 1379 1894 1426 non
1932 1379 2101 1427 sono
2134 1358 2344 1438 vociS,
2387 1360 2504 1429 sed
2539 1361 2768 1433 cordis

230 1450 646 1520 humilitate.
699 1454 863 1518 Nam
915 1469 1072 1516 cum
1116 1468 1190 1514 se
1234 1446 1424 1515 omni
1477 1445 1780 1516 humano
1815 1445 2153 1535 praesidio
2186 1446 2588 1520 destitutum
2625 1472 2772 1519 cer-

231 1552 447 1617 neret,
502 1537 661 1607 totis
709 1536 971 1605 viribus
1005 1535 1319 1603 divinum
1351 1535 1480 1603 sibi
1515 1534 1754 1605 adesse
1785 1536 2118 1624 poposcit.
2158 1540 2394 1622 Itaque
2427 1551 2767 1624 quantum

232 1629 544 1696 bumana
578 1626 897 1715 impietas
930 1646 1087 1693 eum
1139 1645 1176 1692 a
1228 1623 1550 1712 supernis
1588 1624 1984 1693 abstrahere
2024 1623 2457 1706 moliebatur,
2502 1640 2766 1697 tantum

233 1717 454 1807 pietas
502 1715 733 1784 divina
783 1712 1086 1803 erigebat
1132 1711 1219 1780 ad
1269 1711 1610 1781 coelestia.

325 1807 361 1891 ξ
411 1807 559 1877 18.
614 1808 819 1872 Porro
866 1801 1203 1870 Ebrolnus
1254 1801 1664 1891 Waningum
1702 1800 2071 1887 quemdam
2121 1800 2206 1870 ad
2243 1823 2314 1871 se
2362 1823 2637 1885 vocans,
2675 1810 2771 1873 Tu

231 1895 471 1981 accipe
504 1891 1017 1980 Leodegarium,
1064 1889 1311 1975 inquit,
1343 1911 1547 1976 quem
1589 1889 1962 1976 aliquando
1996 1890 2222 1960 vidisti
2274 1890 2494 1960 virum
2529 1913 2766 1982 super·

234 1982 432 2059 bum,
456 1991 522 2048 et
549 1992 732 2048 tanta
754 2000 910 2048 eum
941 1977 1251 2048 custodia
1279 2000 1575 2048 asserva.
1602 1977 1829 2048 Aderit
1853 1977 2034 2048 enim
2064 1978 2474 2066 quandoque
2502 1993 2774 2071 tempus

233 2082 313 2138 ut
359 2068 445 2137 ab
496 2068 797 2138 inimicis
843 2067 990 2137 suis
1036 2066 1322 2156 recipiat
1366 2067 1547 2152 quod
1600 2080 1925 2137 meretur.
1979 2067 2359 2159 waningus
2408 2091 2563 2139 vero
2611 2091 2770 2139 eum

234 2156 322 2226 ad
375 2179 579 2226 suum
635 2155 945 2243 perduxit
997 2156 1516 2233 monasterium,
1561 2155 1743 2241 quod
1797 2157 2156 2226 Fiscanum
2213 2171 2471 2235 vocant,
2530 2159 2596 2226 in
2635 2180 2771 2246 quo

234 2259 381 2315 erat
421 2244 1047 2315 sanctimonialium
1099 2255 1356 2323 coetus,
1414 2243 1671 2331 quibus
1702 2259 2006 2332 praeerat
2054 2244 2486 2316 Childomara
2528 2247 2774 2316 Christi

229 2334 514 2403 ancilla.
547 2339 620 2403 In
650 2355 727 2403 eo
765 2332 1175 2403 monasterio
1198 2334 1437 2401 beatus
1468 2332 1924 2422 Leodegarius
1951 2332 2186 2402 multis
2212 2334 2457 2404 diebus
2492 2336 2764 2415 mansit,

235 2423 564 2492 adhibitis
611 2423 672 2491 ei
706 2421 1132 2492 custodibus.
1167 2426 1243 2489 At
1274 2441 1428 2489 vero
1461 2419 1700 2511 lingua
1733 2422 1886 2510 ejus
1936 2422 2240 2512 praecisa
2277 2445 2479 2492 suum
2521 2425 2772 2515 recepit

229 2512 565 2593 officium,
619 2523 683 2580 et
731 2533 1060 2601 magnum
1110 2509 1459 2579 doctrinae
1490 2532 1721 2579 semen
1767 2511 2018 2602 sparsit
2050 2513 2118 2580 in
2154 2513 2431 2601 populo.
2486 2513 2774 2597 Quando

230 2615 465 2671 autem
514 2600 598 2669 ad
640 2599 940 2690 virgines
987 2598 1374 2679 accedebat,
1427 2611 1634 2680 tanta,
1692 2613 1767 2669 ut
1813 2599 2072 2681 fertur,
2126 2602 2212 2670 ab
2268 2600 2422 2688 ejus
2468 2625 2584 2672 ore
2632 2625 2774 2673 ser-

234 2690 466 2758 monis
536 2688 836 2759 suavitas
903 2687 1270 2767 manabat,
1331 2699 1407 2757 ut
1457 2688 1873 2779 mirarentur
1930 2689 2351 2777 quicumque
2413 2691 2770 2773 audirent,

236 2790 421 2850 tanta
458 2799 578 2867 per
617 2776 813 2846 illum
863 2776 1131 2846 efficere
1161 2775 1775 2847 clementissimum
1815 2783 2052 2857 Deum,
2084 2789 2148 2846 et
2186 2799 2452 2847 morum
2487 2801 2770 2850 suorum

234 2867 568 2957 pravitate
614 2866 964 2946 damnata,
1017 2864 1535 2966 quamprimum
1580 2865 1665 2934 ad
1721 2867 2174 2956 poenitentiae
2235 2866 2500 2936 fructus
2556 2880 2620 2936 et
2669 2890 2776 2937 re-

234 2956 462 3024 media
512 2954 931 3024 advolarent.
974 2954 1095 3023 Ille
1142 2976 1325 3022 enim
1379 2953 1480 3022 vir
1516 2955 1755 3024 beatus
1802 2955 1926 3024 diu
1977 2967 2317 3041 noctuque
2364 2954 2434 3023 in
2481 2956 2591 3024 Dei
2631 2955 2779 3025 lau-

234 3043 444 3114 dibus
495 3043 778 3134 pervigil
829 3043 1165 3123 adstabat,
1204 3055 1280 3111 ut
1321 3042 1426 3111 vix
1460 3065 1831 3132 parumper
1879 3044 1964 3112 ab
2012 3041 2295 3112 ecclesia
2333 3044 2418 3112 ad
2467 3046 2775 3134 corporis
2814 3074 2817 3077 ⁴

236 3154 347 3202 res
397 3134 819 3202 necessarias
867 3131 1213 3200 interdum
1274 3131 1639 3212 recederet,
1695 3145 1815 3201 aut
1860 3131 2219 3221 quippiam
2284 3128 2382 3201 v“el
2433 3133 2618 3214 cibi,
2673 3134 2774 3204 vel

228 3221 465 3290 somni
507 3221 910 3310 perciperet.

333 3317 371 3390 ἓ
421 3315 560 3382 14.
615 3314 705 3378 Ea
763 3321 1162 3399 tempestate
1222 3307 1686 3377 Theodoricus
1742 3330 1857 3377 rex
1911 3323 1976 3377 et
2034 3308 2370 3378 Ebrolnus
2427 3310 2772 3401 synodum

232 3396 616 3467 multorum
669 3398 1163 3487 Episcoporum
1201 3396 1284 3465 ad
1328 3397 1702 3484 quamdam
1735 3397 1961 3466 villam
1991 3412 2477 3469 convocarunt.
2520 3405 2595 3468 Et
2620 3422 2777 3471 ecce

238 3487 422 3555 inter
465 3499 765 3555 caeteros
811 3498 1165 3556 evocatum
1217 3485 1643 3564 Diddouem,
1698 3487 1817 3573 qui
1866 3501 2181 3555 sanctum
2250 3488 2473 3556 virum
2527 3489 2777 3558 Leode-

287 3575 510 3643 arium
563 3596 720 3643 cum
781 3574 1146 3645 Guaimero
1196 3576 1283 3644 ab
1329 3575 1480 3663 ejus
1529 3574 1687 3644 sede
1733 3575 2192 3653 abstraxerat,
2251 3576 2488 3664 poenis
2536 3577 2777 3646 subdi-

228 3597 515 3744 ffierunt,
568 3675 633 3732 et
678 3663 1212 3733 condemnatum
1263 3676 1467 3751 atque
1512 3662 1966 3745 decalvatum,
2003 3664 2417 3753 expulerunt
2464 3688 2503 3734 a
2543 3678 2775 3736 sancta

235 3751 793 3842 congregatione.
849 3751 1103 3822 Deinde
1149 3763 1346 3821 actus
1395 3750 1463 3818 in
1513 3752 1857 3835 exsilium,
1889 3766 1956 3822 et
1993 3752 2267 3824 tandem
2319 3752 2541 3843 capite
2587 3754 2781 3824 dam-

238 3854 481 3920 natus,
539 3861 791 3927 poenas
844 3862 1081 3911 eorum
1135 3839 1307 3919 luit,
1361 3861 1538 3926 quae
1585 3839 1653 3909 in
1714 3856 2028 3912 sanctum
2080 3841 2493 3932 Episcopum
2549 3841 2783 3913 dolose

247 3942 692 4018 perpetrarat.
755 3929 881 3998 Alii
942 3949 1216 4017 quoque
1264 3928 1583 4019 Episcopi
1641 3952 1681 3999 a
1731 3936 1912 4021 Rege
1974 3951 2094 4020 per
2139 3930 2516 4000 Ebroinum
2568 3931 2785 4002 simili

240 4016 379 4087 sere
426 4019 647 4108 poena
698 4018 1031 4097 mulctati,
1064 4018 1129 4085 in
1172 4031 1574 4107 perpetuum
1614 4019 1932 4089 exsilium
1967 4019 2303 4108 deportati
2351 4031 2536 4090 sunt.
2577 4026 2784 4091 Porro

231 4106 651 4177 Guaimerus
709 4108 829 4193 qui
879 4105 1174 4175 Diddoni
1222 4105 1452 4176 socius
1489 4105 1714 4177 fuerat
1760 4107 1844 4177 ad
1880 4106 2279 4193 exequenda
2336 4108 2405 4178 in
2464 4122 2782 4179 sanctum

246 4195 467 4263 virum
517 4195 794 4265 Ebrolni
837 4196 1078 4283 jussa,
1131 4191 1421 4264 cum'ab
1466 4195 1704 4265 eodem
1748 4197 2065 4277 Ebroan,
2118 4196 2300 4284 quod
2350 4198 2502 4286 ejus
2549 4209 2785 4288 tyran—

246 4282 389 4351 nidi
459 4285 908 4363 assensisset,
979 4305 1098 4373 per
1163 4282 1474 4353 fraudem
1526 4298 1704 4354 esset
1762 4286 1833 4354 in
1896 4285 2313 4374 Episcopum
2374 4300 2775 4375 promotuS,

189 4374 195 4380 ’
248 4370 316 4439 in
367 4373 518 4461 ejus
566 4373 1143 4464 indignationem,
1189 4374 1346 4454 Dei,
1399 4386 1478 4443 ut
1526 4385 1829 4463 putatur,
1886 4385 2100 4454 nutu,
2156 4374 2488 4454 incurrit,
2549 4375 2786 4445 multis
