3347 4999
697 269 821 333 544
1496 281 1574 330 DE
1623 284 1677 330 s.
1735 283 1983 331 moxona
2032 284 2218 330 uAn‘r.
2821 263 2991 330 OCT.
3059 266 3160 329 ¹8

610 370 920 441 videlicet
972 368 1196 438 nolam
1277 369 1309 402 ³²
1368 368 1707 449 ferream,
1764 369 1829 438 in
1884 369 2008 438 viri
2063 369 2172 438 Dei
2245 368 2627 457 praesentia
2691 392 2732 439 a
2798 390 2997 457 porco
3052 367 3164 436 de

612 475 786 531 terra
833 460 1172 540 effossam,
1225 480 1400 545 quae
1446 458 1675 528 adhuc
1723 457 1791 527 in
1844 480 1969 527 sua
2016 457 2350 548 dependet
2394 458 2705 530 ecclesia.
2760 462 2903 541 Quo
2950 456 3161 527 dono

615 573 746 619 non
787 571 1027 637 parum
1064 547 1489 628 laetificatuS,
1522 548 1797 637 agnovit
1846 547 2251 638 intrepidus,
2293 548 2481 649 pium
2531 549 2775 619 Jesum
2817 546 3163 616 inchoato

608 639 794 729 operi
832 637 1124 727 benigne
1166 637 1408 706 favere.
1457 642 1599 706 Mox
1633 634 1815 706 fama
1846 637 2094 724 quietis
2130 658 2358 706 nescia
2397 637 2936 726 circumquaque
2969 635 3164 705 voli-

611 744 782 809 tanS,
823 749 1157 819 pagenses
1202 727 1516 797 excitavit
1566 748 1698 795 non
1754 726 2206 807 mediocriter,
2260 738 2336 796 ut
2372 726 2530 797 huic
2574 730 2685 797 Dei
2720 725 2981 797 homini
3015 724 3164 793 ad-

612 819 938 896 haereret,
986 837 1279 903 quorum
1320 837 1448 906 ope
1492 827 1556 883 et
1604 814 1834 885 labore
1884 816 2178 885 nimium
2229 828 2650 887 sustentatus
2697 815 2906 886 erexit
2951 813 3163 883 aedi-

609 907 862 987 culam,
904 904 1162 974 divitiis
1191 905 1469 992 quidem
1503 904 1717 973 seculi
1752 926 2059 986 vacuam,
2107 903 2222 974 sed
2257 904 2500 975 virtute
2531 928 2780 997 supera
2831 904 3151 995 plenam.

612 1003 774 1065 Nam
830 995 1376 1086 promerentibus
1421 994 1572 1083 ejus
1621 994 1880 1063 meritis
1930 993 2324 1076 vivacibus,
2382 994 2755 1066 multorum
2800 993 3162 1083 languen-

618 1087 782 1155 tium
834 1106 1118 1174 corpora
1169 1084 1337 1153 inibi
1388 1105 1507 1153 sua
1560 1082 1987 1153 offerentium
2041 1105 2352 1162 munera,
2397 1106 2476 1153 ex
2517 1085 2779 1175 integro
2827 1083 3158 1173 sospitati

616 1175 924 1244 restituta
978 1186 1161 1244 sunt.
1218 1178 1460 1242 Verum
1513 1172 1725 1242 hostis
1786 1173 2073 1242 humani
2122 1174 2391 1262 generis
2441 1196 2651 1263 supra
2702 1173 2982 1242 modum
3044 1171 3162 1240 in-

615 1265 822 1354 digne
881 1263 1150 1344 ferenS,
1202 1262 1405 1331 etiam
1458 1261 1683 1332 locum
1744 1262 1942 1331 istius
1987 1262 2198 1330 eremi
2267 1261 2462 1332 titulo
2523 1260 3056 1333 Christianitatis
3111 1284 3159 1329 a

611 1355 796 1441 justo
848 1353 987 1421 viro
1037 1352 1134 1421 sic
1187 1350 1555 1431 nobilitari,
1609 1352 1854 1422 anxius
1899 1351 2065 1438 quid
2100 1363 2348 1440 ageret,
2401 1352 2773 1438 qualiterve
2821 1362 3156 1440 coeptum

616 1464 788 1544 opus
838 1441 1383 1530 interrumperet,
1440 1462 1670 1510 secum
1713 1441 2058 1509 tractabat.
2114 1441 2410 1510 Tandem
2463 1440 2606 1511 sace
2655 1461 2987 1511 accensus
3043 1439 3160 1507 in-

619 1531 858 1611 vidiae,
912 1553 1048 1618 qua
1100 1530 1591 1621 protoplastum
1645 1542 1903 1619 patrem
1958 1543 2264 1600 nostrum
2306 1529 2663 1611 Adamum,
2705 1526 3150 1621 proh-dolor!

613 1619 874 1711 expulit
930 1619 1016 1688 ab
1068 1620 1260 1690 horto
1308 1618 1757 1697 deliciarum,
1810 1618 2078 1709 appulit
2134 1619 2264 1689 sibi
2325 1642 2486 1688 suae
2535 1619 2902 1688 voluntatis
2951 1639 3158 1688 com-

616 1724 825 1801 potes,
881 1708 1138 1780 scilicet
1188 1709 1480 1779 latrones
1528 1708 1833 1789 sicarios,
1890 1730 2064 1795 quos
2109 1708 2374 1796 jamdiu
2423 1709 2553 1778 sibi
2594 1707 3158 1778 obsecundantes

614 1799 870 1869 sciebat
924 1821 999 1868 ae
1055 1821 1122 1867 re
1172 1798 1379 1878 ferre,
1432 1796 1614 1884 quod
1666 1796 1767 1866 vir
1833 1798 2037 1867 totius
2076 1798 2454 1868 sanctitatis
2501 1797 2870 1888 exemplar,
2926 1796 3156 1866 lustra

616 1911 900 1958 suarum
952 1888 1018 1956 in
1077 1887 1361 1957 abitaret
1408 1887 1764 1956 silvarum.
1819 1887 1975 1956 Sine
2027 1910 2214 1957 mora
2270 1888 2479 1989 igitur
2524 1888 2882 1967 irruentes,
2944 1886 3158 1976 pesti-

614 1978 890 2064 feroque
945 1999 1163 2047 cuneo
1215 1988 1753 2067 perstrepentes,
1807 1975 2064 2045 crudeli
2118 1990 2318 2047 morti
2370 1976 2764 2066 mancipant
2811 1981 3152 2045 Sanctum

621 2067 755 2136 Dei.
811 2066 918 2135 Sic
969 2078 1227 2156 martyr
1289 2065 1567 2135 effectus
1616 2066 1958 2154 gloriosus
2008 2070 2296 2146 Monon,
2354 2065 2612 2135 calcato
2664 2063 2924 2135 mundo
2973 2086 3143 2133 cum

620 2156 767 2225 suis
801 2154 1398 2244 concupiscentiiS,
1432 2154 1853 2226 indefectivis
1887 2154 2138 2225 fruitur
2168 2154 2464 2246 gaudiis,
2510 2155 2945 2243 conspiciens
2983 2175 3152 2222 cum

619 2243 890 2334 Angelis
938 2243 1458 2313 desiderabilem
1529 2244 1789 2313 vultum
1840 2245 2004 2324 Dei,
2062 2244 2439 2314 associatus
2488 2242 2672 2313 haud
2723 2243 2936 2313 dubio
2987 2247 3155 2311 Pro-

624 2335 979 2417 phetarum
1022 2333 1270 2413 choris,
1311 2333 1780 2423 Apostolorum
1816 2333 2143 2424 collegiis,
2188 2339 2558 2423 Martyrum
2595 2330 2939 2422 dignitati,
2978 2337 3154 2400 Con-

621 2422 952 2497 sessorum
991 2420 1353 2505 sodalitati,
1408 2423 1761 2513 virginum
1803 2423 2182 2493 dulcisonis
2219 2424 2507 2493 choreis.

707 2517 743 2599 §
790 2518 874 2585 4.
929 2517 1111 2594 Quae
1146 2535 1249 2582 res
1302 2525 1657 2602 postquam
1714 2513 2086 2583 vicinorum
2139 2514 2543 2603 gravissimo
2595 2512 2885 2606 perculit
2943 2533 3151 2582 aures

625 2602 927 2680 nuncio,
994 2614 1475 2682 accurrenteS,
1543 2624 1621 2670 ac
1681 2607 2004 2672 Sanctum
2072 2605 2182 2672 Dei
2247 2603 2429 2672 letali
2495 2605 2811 2674 affectum
2865 2602 3151 2672 vulnere

619 2691 1139 2778 conspicienteS‚
1181 2691 1640 2781 lacrymarum
1679 2692 1932 2761 rivulos
1969 2715 2126 2782 prae
2161 2693 2392 2762 dolore
2421 2694 2693 2763 abunde
2725 2692 3143 2772 effuderunt;

622 2779 1012 2937 gaudebant
1063 2793 1285 2850 tamen
1329 2780 1600 2870 spiritu,
1653 2781 1834 2867 quod
1879 2782 1946 2850 in
1991 2783 2136 2853 suis
2169 2782 2489 2852 confiniis
2540 2783 2740 2853 talem
2794 2784 3149 2852 merebant

643 2869 869 2938 labere
921 2882 1281 2959 patronum
1330 2892 1408 2939 ac
1459 2880 1749 2939 tutorem
1799 2871 1983 2961 apud
2046 2872 2451 2953 Dominum,
2507 2870 3138 2964 vigilantissimum.

622 2957 787 3027 Inde
817 2958 1314 3049 quamplurimi
1352 2959 1662 3048 Martyris
1707 2960 1981 3049 pretiosi
2017 2960 2239 3030 locum
2281 2960 2557 3043 adeunt,
2597 2983 2801 3049 quem
2838 2958 3144 3046 undique

622 3047 986 3117 sentientes
1026 3047 1258 3117 divino
1313 3048 1577 3117 lumine
1626 3048 1979 3130 illustrari,
2035 3050 2364 3140 gloriosas
2410 3052 2730 3139 exequias
2769 3049 3137 3128 celebrant,

621 3158 699 3204 ac
741 3136 1047 3225 corporis
1099 3137 1496 3207 thesaurum
1541 3137 2148 3229 incomparabilem
2195 3139 2625 3208 invictissimi
2662 3139 2849 3208 testis
2898 3137 3137 3207 Christi

621 3225 1014 3312 sepulturae
1050 3226 1349 3306 tradunt,
1406 3226 1723 3296 candidis
1758 3228 2062 3315 undique
2109 3228 2213 3317 (ut
2261 3225 2572 3316 decebat)
2615 3226 3134 3297 honorificatum

618 3314 1062 3383 ornamentis.
1094 3319 1236 3396 Quo
1269 3315 1415 3384 loco
1439 3329 1603 3401 quot
1633 3329 1861 3406 postea
1889 3317 2260 3386 derivarint
2297 3316 2627 3385 beneficia
2665 3316 2775 3386 Dei
2805 3317 2873 3383 in
2909 3337 3138 3472 θεῖε-ο-

622 3402 909 3470 tantium
954 3403 1284 3486 membra,
1322 3402 1728 3473 claudorum
1771 3405 2052 3484 scilicet,
2091 3426 2477 3485 caecorum,
2516 3404 2895 3482 aridorum,
2941 3402 2999 3471 fe
3052 3404 3136 3471 ri-

620 3490 1005 3571 citantium‚
1047 3490 1336 3579 aliisque
1371 3491 1695 3582 plurimis
1733 3494 2160 3566 detentorum
2213 3493 2590 3575 doloribus,
2641 3493 2879 3565 nullus
2920 3513 3135 3563 sermo

622 3593 848 3651 noster
880 3580 964 3648 ad
1015 3580 1384 3652 dicendum
1420 3581 1695 3652 suflicit.

704 3671 740 3755 ,ξ
786 3674 871 3741 5.
930 3675 1174 3739 Beatus
1210 3693 1364 3739 vero
1392 3677 1694 3743 Joannes
1731 3685 2147 3745 memoratus
2181 3671 2585 3762 Episcopus,
2627 3672 2711 3743 ad
2753 3670 3130 3758 exemplum

619 3759 1051 3846 sequentium
1102 3759 1329 3830 adhuc
1380 3773 1749 3850 supersteS,
1799 3763 2093 3832 indoluit
2142 3766 2421 3831 Servum
2487 3763 2599 3831 Dei
2654 3761 2786 3832 sibi
2839 3762 2904 3830 in
2947 3761 3131 3829 fami-

620 3849 762 3918 litio
810 3847 1202 3918 devinctum
1254 3871 1293 3918 a
1347 3851 1859 3921 conversatione
1907 3852 2294 3932 hominum,
2348 3872 2519 3938 quos
2567 3851 2821 3920 sanctis
2872 3850 3131 3919 monitis

619 3937 1052 4021 informabat,
1108 3937 1556 4028 exemploque
1606 3939 1852 4030 dignos
1907 3947 2033 4010 Deo
2083 3940 2429 4019 reddebat,
2484 3939 2582 4008 sic
2632 3939 2802 4009 vitae
2837 3941 3131 4009 transito·

617 4028 754 4095 riae
790 4027 1140 4114 insperato
1185 4028 1611 4117 percurrisse
1645 4029 1942 4099 stadium
1978 4055 1992 4097 :
2031 4029 2345 4116 quamvis
2380 4028 2603 4108 sciret,
2641 4030 2868 4118 potius
2904 4030 2962 4098 ei
2987 4050 3130 4097 con·

614 4115 1060 4203 gaudendum
1088 4116 1234 4206 jam
1273 4117 1339 4185 in
1383 4117 1794 4189 coelestibus
1830 4118 2361 4188 immortalitatis
2394 4117 2612 4203 gloria
2643 4131 2983 4187 coronato.
3021 4118 3129 4187 Hic

613 4217 839 4273 autern
874 4260 888 4284 ,
959 4206 1493 4295 cooperantibus
1544 4206 1868 4279 fidelibus
1923 4208 2204 4288 vicinis,
2258 4206 2612 4276 basilicam
2664 4206 3127 4277 condecentem

615 4294 741 4365 sibi
778 4293 1186 4376 aedificavit,
1234 4317 1445 4383 quam
1491 4296 1561 4364 in
1601 4296 1924 4367 honorem
1978 4298 2210 4368 beatae
2252 4297 2499 4366 Mariae
2546 4317 2817 4386 semper
2865 4297 3127 4387 virginis

669 4422 693 4448 ¹·
724 4421 830 4469 Seu,
846 4420 1006 4463 station
1023 4423 1304 4474 campaniano,
1325 4423 1432 4473 gan.
1450 4424 1658 4464 cleonem.

3259 4133 3262 4146 l
