3347 4999
741 331 824 396 44
1503 350 1581 395 nn
1629 348 1684 395 S.
1740 347 1997 395 nanneto
2045 347 2336 396 Ancmssr.
2922 327 3115 394 ocT.
3177 328 3202 391 l

652 426 815 496 hinc
863 427 1174 497 abscede.
1228 426 1416 509 Quod
1471 427 1587 496 illa
1640 426 2095 516 parvipendit,
2142 441 2393 517 putans
2451 449 2523 497 se
2572 427 2795 496 visum
2851 427 3064 495 inane
3122 426 3215 493 vi·

651 516 834 585 dere.
879 516 1095 586 Altera
1134 516 1279 585 vice
1327 516 1511 585 venit
1558 516 1642 585 ad
1694 538 1841 585 eam
1888 530 2167 586 sanctus
2203 517 2393 586 Remi
2448 517 2579 597 ius,
2616 515 3010 585 etdixitei:
3067 518 3215 585 Cur

650 605 813 674 hinc
864 627 996 674 non
1048 605 1461 687 abscessisti,
1511 606 1690 676 sicut
1738 606 1855 674 tibi
1912 626 2151 694 praece
2206 606 2379 674 i?Vi
2434 627 2470 674 e
2520 626 2604 673 ne
2637 603 2942 705 amplius
2980 617 3045 673 te
3083 603 3208 673 hic

650 694 1018 763 inveniam.
1064 693 1251 777 Quod
1306 693 1448 773 illa,
1503 707 1579 763 ut
1629 694 1845 783 prius,
1904 715 2025 781 pro
2083 695 2151 761 ni
2210 693 2299 764 ilo
2337 694 2556 764 duxit.
2602 700 2822 763 Tertio
2876 707 2954 764 ut
3007 693 3210 762 venit

651 783 735 852 ad
788 805 936 851 eam
989 795 1272 852 sanctus
1331 783 1711 872 RemigiuS‚
1785 782 1984 851 dixit:
2041 787 2276 853 Nonne
2313 783 2456 872 jam
2513 782 2720 853 semel
2772 795 2837 851 et
2885 782 3210 852 secundo

652 872 772 941 tibi
822 873 1178 961 praecepi,
1231 885 1310 940 ut
1356 871 1516 939 hinc
1575 870 2032 940 abscederes?
2091 871 2214 940 Sed
2285 872 2446 959 quia
2500 871 2978 959 contempsisti
3032 871 3209 939 hinc

650 982 950 1049 pergere,
1005 961 1299 1029 aliorum
1343 958 1811 1048 deportatione
1851 959 2200 1030 abscedes,
2257 966 2333 1029 Et
2382 961 2722 1050 percussit
2769 961 2958 1029 illam
3004 960 3210 1049 virga

648 1070 854 1136 quam
895 1050 1163 1118 tenebat
1193 1049 1259 1116 in
1300 1070 1535 1116 manu.
1576 1053 1759 1130 Quae
1792 1061 2250 1138 totocorpore
2300 1050 2365 1117 in
2422 1049 2794 1118 maximum
2850 1062 3206 1117 tumorem

647 1159 1002 1219 converSO,
1051 1137 1231 1225 quod
1291 1136 1478 1217 vidit,
1536 1138 1680 1207 viro
1729 1159 1855 1206 suo
1905 1137 2254 1207 Richwino
2301 1151 2365 1206 et
2412 1138 2568 1207 aliis
2619 1158 2828 1225 quam
2866 1137 3210 1228 plurimis

648 1226 840 1307 dixit,
897 1239 962 1296 et
1015 1247 1135 1315 per
1197 1225 1586 1313 aliquantos
1634 1225 1782 1294 dies
1830 1227 2258 1295 severissime
2306 1227 2633 1307 cruciata,
2679 1227 2884 1295 vitam
2941 1227 3201 1295 finivit.

648 1316 857 1403 Cujus
897 1337 1150 1404 corpus
1182 1316 1286 1383 vir
1324 1314 1473 1403 ejus
1515 1315 1580 1382 in
1619 1314 1978 1384 ecclesiam
2021 1316 2238 1384 sancti
2282 1316 2572 1406 Remigii
2609 1315 2980 1405 deportari,
3011 1337 3208 1384 eam-

646 1426 781 1490 que
834 1403 1089 1472 ibidem
1141 1403 1410 1492 sepeliri
1462 1403 1642 1472 fecit.
1701 1403 2035 1473 Mirantur
2084 1404 2395 1490 quidam,
2447 1403 2628 1491 quod
2683 1427 2842 1474 cum
2887 1404 3204 1472 vindicta

650 1491 920 1562 mortali
951 1492 1141 1561 illam
1181 1492 1266 1561 de
1307 1493 1649 1582 praedicta
1687 1492 1843 1560 villa
1886 1492 2171 1582 expulit,
2215 1507 2278 1561 et
2317 1514 2570 1582 corpus
2609 1494 2759 1582 ejus
2798 1488 2868 1561 in'
2900 1492 3206 1562 ecclesia

648 1602 775 1649 sua
824 1579 1295 1669 sepeliendum
1351 1582 1626 1671 recepit.
1673 1581 1862 1663 Quod
1920 1603 2120 1651 nemo
2172 1582 2560 1662 mirabitur,
2614 1584 2670 1650 si
2722 1581 3196 1671 perpenderit,

648 1692 784 1755 qua
827 1669 1201 1739 intentione
1250 1670 1466 1738 sancti
1514 1670 1864 1739 vindictas
1892 1670 1958 1739 in
2005 1670 2483 1757 delinquentes
2511 1684 2820 1739 exerunt.
2866 1670 3205 1739 Videlicet

645 1770 722 1826 ut
768 1758 827 1827 si
878 1780 949 1827 se
982 1759 1520 1849 recognoverint,
1563 1759 1675 1827 hic
1711 1759 2044 1847 recipiant
2074 1759 2258 1847 quod
2296 1772 2667 1839 merentur,
2711 1781 2792 1829 ne
2825 1772 2979 1850 post
3011 1781 3204 1829 mor-

648 1859 777 1916 tem
832 1848 1128 1916 aeternis
1176 1846 1541 1937 suppliciis
1574 1849 2051 1917 crucientur...

1079 2045 1182 2110 DE
1232 2043 1592 2111 SECUNDA
1641 2046 1706 2111 S.
1763 2046 2092 2113 REMIGII
2143 2045 2752 2113 TRANSLATIONE

732 2205 767 2292 ξ
808 2207 884 2274 1.
940 2207 1129 2272 Anno
1177 2202 1673 2273 incarnationis
1725 2204 2117 2273 Dominicae
2156 2204 2723 2295 octingentesimo
2753 2205 3201 2295 quinquage-

644 2293 823 2363 simo
874 2291 1200 2370 secundo,
1243 2314 1464 2382 nuper
1502 2291 1731 2361 adhuc
1769 2292 2098 2382 ampliata
2148 2293 2298 2382 ipsa
2338 2294 2651 2374 ecclesia,
2693 2315 2850 2362 cum
2903 2292 2990 2362 de
3045 2294 3200 2363 loco

642 2394 921 2470 cryptae
952 2381 1222 2470 prioris,
1263 2381 1656 2469 sepulcrum
1710 2403 1849 2449 una
1895 2403 2055 2451 cum
2096 2382 2270 2451 beati
2303 2383 2594 2472 Remigii
2631 2404 2918 2471 corpore
2963 2395 3199 2451 trans-

646 2470 860 2540 latum
920 2482 1021 2539 est
1071 2469 1139 2537 in
1192 2481 1528 2560 cryptam,
1586 2470 1825 2560 majori
1876 2483 1940 2540 et
1992 2469 2321 2561 pulcriori
2360 2492 2563 2560 opere
2603 2469 2899 2552 factam,
2948 2471 3194 2560 ipsum

642 2581 895 2649 corpus
936 2560 1479 2638 sanctissimum,
1537 2559 1718 2628 sicut
1762 2573 1828 2628 et
1880 2560 1946 2627 in
2007 2561 2331 2630 anteriori
2382 2560 2848 2640 translatione,
2892 2562 2982 2630 ab
3035 2566 3083 2629 E
3147 2562 3199 2629 i-

642 2649 869 2738 scopis
904 2648 1317 2717 Rhemorum
1369 2647 1760 2717 dioeceseos
1809 2649 2152 2738 integrum
2208 2650 2560 2718 inventum
2598 2662 2722 2731 est,
2777 2662 2842 2718 et
2876 2649 3050 2718 bran
3111 2672 3198 2719 eo

643 2736 854 2806 rubeo
888 2736 1300 2807 involutum.
1356 2742 1619 2806 Etcum
1657 2736 1742 2805 de
1781 2737 1933 2825 ipso
1966 2738 2284 2825 sepulcro
2325 2739 2390 2806 in
2439 2737 2676 2807 locello
2710 2752 3037 2828 argenteo
3084 2753 3194 2807 est

646 2827 1137 2916 transpositum
1180 2881 1193 2906 ,
1251 2847 1409 2915 pars
1459 2825 1542 2894 de
1590 2826 1742 2914 ipso
1781 2825 2085 2894 brandeo
2133 2848 2292 2895 cum
2349 2826 2630 2896 sudario
2660 2879 2675 2907 ,
2728 2826 2909 2914 quod
2963 2825 3194 2896 fuerat

642 2936 852 3004 super
898 2927 1105 3003 caput
1164 2915 1336 3003 ejuS‚
1410 2927 1769 3001 assumpta
1817 2915 1884 2984 in
1939 2915 2262 2984 scriniolo
2318 2915 2666 2996 eburne0,
2721 2937 2922 2985 secus
2970 2915 3192 2985 altare

642 3019 919 3072 sanctae
949 3004 1197 3073 Mariae
1224 3004 1292 3072 in
1327 3003 1598 3072 civitate
1632 3003 1890 3073 honore
1923 3002 2151 3072 debito
2185 3018 2566 3074 veneratur.
2607 3003 2919 3074 Locellus
2949 3017 3186 3074 autem

640 3106 1030 3181 argenteuS,
1074 3113 1230 3162 cum
1275 3113 1560 3181 corpore
1608 3092 1834 3181 ipsius
1868 3092 2120 3168 Sancti,
2155 3092 2471 3182 sepulcro
2499 3115 2903 3174 marmoreO,
2941 3093 3010 3161 in
3045 3115 3189 3179 quo

641 3193 798 3248 ante
822 3181 1154 3268 jacuerat,
1195 3181 1707 3270 superpositum
1742 3180 1894 3262 fuit,
1934 3193 1998 3249 et
2033 3179 2383 3267 reliquiae,
2413 3203 2588 3269 quae
2621 3182 2706 3251 ad
2747 3195 2957 3272 caput
2990 3181 3187 3251 illius

639 3281 825 3337 extra
874 3268 1269 3357 sepulc-‚rum
1326 3283 1627 3358 repertae
1662 3269 1955 3348 fuerant,
1990 3270 2058 3338 in
2094 3269 2434 3358 sepulcro,
2481 3271 2548 3338 in
2587 3291 2725 3356 quo
2763 3271 3102 3360 jacuerat,
3142 3294 3182 3339 a

641 3355 971 3446 praefatis·
1010 3358 1366 3447 Episcopis
1404 3358 1684 3428 fuerunt
1727 3360 1987 3448 positae
2035 3357 2343 3428 calendis
2383 3360 2720 3428 octobris:
2761 3364 2906 3441 Quo
2946 3358 3184 3428 calen-

638 3444 882 3603 flabrum
919 3445 1030 3514 die
1078 3460 1141 3514 et
1185 3445 1392 3515 altera
1440 3447 1589 3536 ejus
1637 3447 1994 3517 translatio
2039 3460 2195 3516 ante
2239 3447 2472 3538 plures
2520 3467 2739 3516 annos
2786 3450 3009 3517 suerat
3067 3470 3182 3516 ce-

665 3555 701 3603 e
758 3546 924 3603 rata.

724 3625 895 3710 §2
953 3627 1117 3692 Cum
1188 3635 1413 3692 autem
1483 3624 1996 3696 sanctissimum
2065 3647 2320 3713 corpus
2368 3625 2518 3714 ejus
2566 3624 2651 3693 de
2716 3623 3037 3713 sepulcro
3102 3625 3178 3693 in

636 3712 1060 3801 praedictum
1110 3710 1427 3781 locellum
1481 3725 1880 3802 argenteum
1933 3714 2339 3784 translatum
2376 3714 2525 3794 fuit,
2572 3713 2761 3783 Rado
2803 3726 2967 3782 tunc
3011 3713 3185 3783 sub-

630 3800 966 3870 diaconus
1015 3799 1354 3869 Ecclesiae
1405 3801 1890 3883 Suessonicae‚
1955 3804 2074 3890 qui
2126 3798 2285 3872 cunl
2349 3824 2385 3871 e
2441 3803 2674 3892 iscopo
2710 3824 2835 3871 suo
2864 3802 3178 3872 Rothado

630 3887 797 3958 illuc
835 3901 1264 3970 convenerat,
1307 3890 1456 3979 jam
1507 3911 1625 3978 per
1664 3912 1925 3960 annum
1978 3894 2321 3979 integrum
2423 3890 2608 3961 olore
2656 3891 2968 3959 dentium
3001 3890 3176 3962 adeo

629 3977 742 4046 die
789 3991 1135 4063 noctuque
1181 3980 1575 4059 vexabatur,
1630 3993 1706 4048 ut
1755 4001 2033 4049 sensum
2090 4002 2250 4072 prae
2299 3981 2515 4049 nimio
2563 3979 2795 4049 dolore
2847 3992 3180 4050 metueret

628 4066 936 4156 perdere.
991 4068 1144 4149 Qui,
1187 4067 1352 4136 dum
1405 4067 1723 4167 Episcopi
1774 4068 1841 4136 in
1893 4070 2389 4159 compositione
2437 4070 2655 4137 sancti
2705 4069 3015 4157 corporis
3066 4069 3175 4137 in-

627 4154 1001 4234 tenderent,
1059 4155 1404 4225 maxillam
1460 4177 1527 4223 tn
1565 4178 1702 4243 qua
1736 4156 1970 4227 dolore
2009 4158 2400 4238 vexabatur,
2441 4158 2587 4227 loco
2629 4157 2697 4225 in
2747 4179 2885 4244 quo
2918 4179 3181 4247 corpus

630 4259 943 4314 sanctum
990 4244 1345 4332 jacuerat,
1407 4266 1442 4312 a
1506 4246 1772 4334 posuit:
1826 4261 1889 4316 et
1941 4269 2092 4316 mox
2157 4249 2243 4317 ab
2309 4248 2458 4337 ipso
2506 4245 2740 4316 dolore
2798 4245 3172 4326 liberaum,

626 4332 954 4423 deinceps
1002 4333 1311 4402 dentium
1364 4333 1452 4403 do
1484 4355 1668 4403 orem
1723 4354 1856 4403 non
1911 4336 2147 4410 sensit,
2195 4336 2374 4405 sicut
2419 4348 2567 4423 post
2619 4334 3180 4424 vigintiquinque

623 4443 843 4492 annos
894 4424 1071 4493 idem
1129 4421 1374 4491 referre
1407 4425 1695 4493 curavit.
1750 4427 1827 4496 Et
1858 4422 2011 4512 ipso
2044 4423 2155 4493 die
2206 4424 2274 4492 in
2323 4423 2622 4511 quodam
2678 4423 2998 4505 oratorie,
3052 4423 3179 4494 ubi
