3347 4999
199 331 370 397 OCT.
428 330 507 393 17
844 332 845 335 ’
1086 348 1166 394 nr.
1214 346 1269 394 s.
1322 345 1616 393 asnwms
1665 346 1858 392 vlnuA
2513 329 2629 393 501

197 435 427 505 anima
455 432 628 523 ejus,
660 432 950 502 Ardebat
984 447 1220 522 pectus
1252 431 1422 520 ejuS‚
1462 453 1583 500 nec
1616 431 1968 519 quiescere
2009 443 2270 521 poterat
2299 452 2461 521 prae
2501 453 2736 502 amore

196 523 337 603 Dei,
369 543 572 609 quem
601 523 878 592 amabat
909 531 973 590 et
1005 520 1323 609 cupiebat
1360 520 1612 589 habere
1649 532 2097 607 praesentem,
2136 519 2726 606 quemadmodum

196 610 540 683 desiderat
570 631 809 679 cervus
838 608 923 679 ad
954 608 1173 679 fontes
1212 630 1575 695 aquarum.
1633 608 1784 678 Dies
1821 629 1984 698 ergo
2018 607 2360 688 noctibuS‚
2399 620 2463 676 et
2498 622 2732 679 noctes

189 699 550 791 jungendo
596 711 661 768 et
706 697 1177 768 continuando
1222 697 1489 777 diebus,
1529 697 1597 765 in
1634 698 1850 766 sacris
1881 695 2355 786 perseverabat
2386 696 2721 776 excubiis,

196 786 677 880 praestolando
730 787 1177 857 consolatoris
1223 786 1590 855 adventum
1629 840 1644 866 ,
1698 799 1773 854 ut
1825 785 2119 855 venienti
2174 798 2239 853 et
2292 783 2596 873 pulsanti
2643 785 2731 854 ad

198 877 425 949 cordis
465 876 800 963 januam,
853 874 1161 945 celeriter
1206 875 1519 963 aperiret.
1574 879 1880 961 Namque
1926 896 1968 942 a
2016 873 2467 962 Completorio
2515 894 2736 960 usque

199 965 284 1037 ad
340 965 718 1055 profundae
771 965 986 1035 noctis
1031 964 1304 1034 silentia
1364 964 1432 1032 in
1492 984 1726 1053 preces
1793 962 2049 1053 prolixe
2112 962 2600 1041 incumbebat,
2657 975 2733 1031 ut

244 1054 477 1124 uando
530 1053 843 1123 homines
898 1053 1168 1123 desides
1216 1053 1385 1122 solet
1430 1074 1598 1121 occu
1651 1072 1767 1120 are
1815 1073 2018 1140 sopor
2053 1105 2069 1131 ,
2123 1051 2141 1119 i
2201 1073 2275 1121 sa
2323 1071 2555 1121 vocem
2604 1071 2730 1119 au-

198 1078 372 1213 diret
422 1141 658 1212 Dilecti
708 1142 1047 1232 pulsantis
1094 1155 1158 1211 et
1204 1141 1496 1211 dulciter
1543 1073 1978 1227 alloquentis.
2031 1146 2130 1209 Au
2185 1140 2353 1217 iret,
2416 1139 2729 1225 inquam,

202 1232 483 1302 verbum
523 1230 696 1300 illud
730 1253 769 1299 a
801 1230 1052 1301 seculis
1083 1229 1590 1310 absconditum,
1629 1242 1693 1298 et
1725 1250 1766 1298 a
1799 1228 2044 1298 mundi
2094 1226 2509 1297 tumultibus
2536 1226 2739 1317 longe

197 1321 550 1390 alienum:
605 1321 885 1389 verbum
938 1318 1173 1405 utique
1220 1318 1706 1388 dulcissimum
1738 1372 1755 1399 ,
1807 1317 2076 1387 deliciis
2122 1316 2411 1385 affluens
2441 1369 2462 1396 ,
2516 1327 2583 1385 et
2630 1338 2739 1385 sa·

197 1409 541 1480 lutaribus
591 1407 987 1477 redundans
1035 1408 1503 1477 sacramentis.
1560 1407 1772 1494 Cujus
1820 1405 2009 1476 verbi
2054 1405 2385 1475 suavitate
2426 1403 2546 1473 illa
2581 1425 2737 1493 per-

198 1497 336 1568 frui
385 1497 582 1566 valde
630 1500 979 1587 appetem,
1034 1495 1321 1567 sollicite
1363 1497 1422 1565 vi
1480 1494 1688 1565 ilabat
1742 1495 2026 1564 caeteris
2081 1493 2604 1573 dormientibuS,
2660 1507 2740 1563 ut
2839 1530 2851 1542 ·

196 1587 401 1676 quasi
446 1585 694 1656 furtive
742 1585 1120 1674 susciperet
1148 1585 1338 1654 auris
1387 1584 1429 1653 il
1468 1585 1575 1653 ius
1625 1606 1830 1653 venas
1876 1583 2168 1653 susurrii
2217 1583 2388 1672 ejus.
2439 1581 2739 1651 Dilectus

197 1697 358 1745 vero
407 1675 586 1744 hanc
634 1674 695 1743 ei
746 1673 1070 1743 reddebat
1115 1674 1327 1742 vicem
1356 1728 1372 1755 ,
1428 1684 1502 1741 ut
1550 1685 1685 1741 tam
1736 1671 2096 1763 vigilanter
2142 1670 2228 1740 ad
2277 1671 2486 1739 vitam
2532 1691 2738 1739 excu-

202 1765 356 1834 bias
405 1778 719 1854 agentem
772 1784 904 1831 non
976 1762 1337 1841 transiret,
1395 1782 1517 1831 nec
1578 1761 1954 1831 declinaret
2007 1760 2092 1828 ab
2156 1781 2259 1828 ea.
2313 1758 2739 1830 Subsistebat

197 1854 434 1945 igitur,
489 1865 555 1921 et
600 1862 911 1920 amanter
957 1873 1104 1920 eam
1156 1850 1569 2007 appellabat,
1621 1872 1872 1937 corque
1924 1848 2110 1918 illius
2159 1846 2606 1926 incendebat,
2661 1859 2739 1916 ut

200 1965 280 2012 ex
332 1940 633 2010 flammis
682 1939 938 2008 amoris
983 1940 1132 2026 ejus
1184 1939 1198 2007 i
1236 1939 1376 2008 lum
1430 1952 1853 2027 praesentem
1903 1949 2361 2027 cognosceret,
2392 1951 2457 2005 et
2501 1958 2581 2004 ex
2627 1957 2731 2016 ea,

195 2051 411 2118 quam
466 2029 533 2096 in
586 2050 657 2097 se
705 2028 1060 2105 sentiebat,
1116 2028 1488 2098 mutatione
1533 2049 1693 2095 eum
1743 2026 1981 2096 adesse
2029 2024 2474 2115 intelligeret,
2527 2045 2733 2111 quem

201 2118 500 2188 amabat.
567 2116 815 2203 Ecquis
865 2116 1066 2185 hodie
1126 2117 1196 2186 in
1262 2116 1459 2186 nobis
1505 2129 1608 2186 est
1676 2116 1845 2186 adeo
1907 2114 2197 2204 vigilans
2256 2126 2322 2183 et
2366 2113 2740 2184 observans

199 2222 477 2294 tempus
524 2205 932 2275 visitationis
981 2205 1275 2286 divinae,
1330 2210 1810 2295 Sponsumque
1857 2203 2330 2277 adventantem
2368 2201 2736 2273 momentis

200 2294 530 2364 omnibus
578 2315 656 2363 eo
704 2293 932 2363 studio
980 2294 1352 2374 sustinens,
1404 2305 1481 2362 ut
1527 2315 1688 2361 cum
1737 2292 1996 2362 venerit
2041 2304 2106 2361 et
2145 2290 2537 2381 pulsaverit,
2576 2311 2739 2359 con-

198 2382 421 2452 festim
469 2405 506 2449 a
560 2382 729 2451 eriat
775 2384 860 2463 ei,
916 2382 1095 2452 sicut
1143 2382 1307 2451 haec
1358 2383 1595 2451 beata?
1641 2386 1828 2464 Quae
1861 2393 2003 2450 tum
2037 2380 2314 2450 demum
2366 2378 2737 2469 paululum

205 2470 503 2540 dormita
556 2485 662 2552 at,
736 2470 1096 2560 paululum
1160 2470 1562 2548 dormiebat,
1615 2492 1774 2540 cum
1827 2483 1977 2561 post
2024 2468 2263 2560 longas
2309 2468 2582 2558 vigilias
2629 2488 2742 2538 so—

201 2582 416 2631 mnus
464 2560 736 2630 irruens
781 2581 931 2629 eam
982 2561 1420 2650 opprimeret.
1474 2563 1525 2630 Ο
1571 2561 1838 2646 quoties
1884 2558 2219 2646 quaedam
2254 2558 2315 2627 ei
2363 2556 2741 2627 familiares

199 2649 546 2730 dominae,
600 2648 785 2737 apud
834 2671 983 2718 eam
1040 2663 1414 2728 manenteS,
1460 2669 1701 2719 somno
1736 2649 1907 2718 bene
1939 2648 2226 2717 resectae
2265 2658 2730 2727 surrexerunt,

198 2760 361 2808 cum
413 2759 561 2806 eam
615 2736 841 2807 adhuc
889 2736 1283 2828 vigilantem
1333 2750 1737 2818 cernerent,
1808 2749 1874 2806 et
1923 2750 2229 2806 orantem
2296 2735 2363 2802 in
2415 2732 2742 2803 cubiculo

203 2839 364 2895 ante
414 2826 665 2896 lectum
718 2848 920 2896 suum
952 2880 971 2907 ,
1028 2839 1093 2896 et
1138 2825 1370 2897 dulcia
1417 2848 1578 2896 cum
1627 2847 1705 2895 eo
1753 2824 2094 2913 colloquia
2143 2824 2566 2902 miscentem,
2618 2821 2741 2907 qui

198 2930 303 2984 est
367 2927 547 2986 totus
606 2914 1127 2985 desiderabilis!
1203 2920 1568 3002 Postquam
1642 2927 1869 2984 autem
1932 2913 2176 3003 exiguo
2247 2910 2537 2980 relevata
2596 2921 2742 2979 erat

198 3025 443 3073 somno
475 3057 493 3083 ‚
550 3026 792 3073 rursus
840 3003 1187 3094 surgebat,
1242 3004 1340 3073 vel
1395 3003 1657 3073 mediae
1707 3002 1925 3072 noctis
1974 3013 2244 3090 tempus
2291 3011 2733 3088 exspectans,

197 3091 302 3160 vel
352 3105 531 3161 certe
570 3091 958 3161 diluculum
1009 3106 1484 3163 antevertens:
1537 3104 1614 3162 ut
1660 3114 1819 3160 cum
1872 3088 2233 3159 laudarent
2279 3101 2461 3157 astra
2511 3099 2738 3156 matu—

198 3182 346 3250 tina
395 3181 786 3262 Dominum,
840 3195 905 3249 et
943 3181 1324 3270 jubilarent
1356 3202 1595 3250 omnes
1637 3178 1763 3248 filii
1797 3179 1936 3259 Dei,
1977 3179 2122 3267 ipsa
2157 3197 2429 3264 quoque
2463 3175 2742 3244 devotas

196 3273 332 3339 Deo
383 3267 622 3339 laudes
674 3269 1103 3357 persolveret.
1160 3270 1424 3358 Sciebat
1457 3268 1638 3337 enim
1670 3267 1871 3337 docta
1902 3266 2254 3346 divinituS,
2298 3264 2739 3354 praevenien-

198 3357 367 3426 dum
403 3379 551 3426 esse
578 3357 786 3426 solem
822 3356 906 3426 ad
936 3356 1477 3427 benedictionem
1509 3356 1780 3425 Domini
1813 3379 1889 3425 ca
1947 3354 2244 3434 iendam‚
2280 3366 2344 3423 et
2368 3352 2450 3422 ad
2484 3373 2741 3422 manna

196 3445 513 3515 coelestis
546 3445 804 3534 gratiae
851 3444 1363 3536 colligendum:
1418 3457 1620 3531 atque
1665 3466 1816 3512 eam
1865 3465 1904 3512 o
1988 3465 2131 3513 rem
2182 3442 2636 3532 perseveravit
2666 3441 2734 3510 in

195 3534 525 3604 laudibus
577 3534 732 3615 Dei,
783 3534 988 3602 etiarn
1039 3556 1159 3624 per
1205 3533 1384 3601 diem
1454 3555 1587 3603 non
1640 3554 1921 3602 cessans
1969 3555 2009 3601 a
2057 3531 2309 3601 divinis
2365 3530 2728 3618 colloquiis

196 3637 265 3693 et
313 3623 676 3713 precibus,
731 3621 867 3690 nisi
911 3644 1070 3691 cum
1121 3633 1297 3692 esset
1344 3620 1727 3690 sumendus
1773 3621 1971 3691 cibus
2004 3675 2019 3702 ‚
2073 3634 2192 3691 aut
2237 3619 2599 3709 quippiam
2650 3618 2736 3688 de

195 3716 331 3782 Deo
358 3710 806 3790 audiendum,
845 3722 964 3778 aut
998 3708 1503 3779 misericordiae
1533 3709 1860 3800 operibus
1895 3710 2305 3779 vacandum.
2348 3707 2476 3778 Sed
2513 3728 2738 3794 neque

196 3815 363 3871 tunc
413 3821 642 3869 revera
692 3799 980 3868 cessavit
1025 3821 1063 3867 a
1114 3798 1455 3888 precibuS,
1509 3799 1770 3889 quippe
1816 3820 1991 3886 quae
2039 3820 2078 3867 a
2128 3799 2307 3867 bono
2339 3818 2545 3886 opere
2595 3817 2732 3865 non

198 3900 517 3961 cessaret.
568 3893 794 3975 Neque
825 3886 1057 3956 cibum
1092 3886 1499 3978 percipienS‚
1553 3886 1788 3956 divina
1828 3886 2168 3973 colloquia
2200 3884 2732 3954 intermittebat:

198 3999 362 4047 nam
410 3998 569 4047 curn
621 3976 791 4046 bene
826 3974 1117 4046 litterata
1148 3989 1345 4057 esset,
1381 3989 1444 4045 et
1477 3977 1621 4046 Scri
1678 3988 1863 4046 turas
1895 3974 2323 4064 intelligeret,
2359 3972 2638 4061 saepius
2669 3972 2730 4041 ei

200 4064 283 4134 ad
338 4087 643 4136 mensam
696 4063 1095 4155 legebatur:
1168 4065 1281 4135 cui
1338 4086 1570 4134 sacrae
1658 4065 1912 4134 ectioni
1961 4086 2097 4133 non
2149 4084 2301 4132 raro
2351 4075 2487 4131 tam
2540 4060 2736 4131 avide

198 4153 615 4234 intendebat,
671 4165 746 4223 ut
779 4151 1175 4223 morsellum
1214 4175 1426 4223 manu
1458 4153 1969 4253 apprehensum
2002 4153 2105 4222 ori
2140 4172 2274 4220 non
2314 4150 2726 4232 admoveret,

196 4241 302 4310 vel
351 4242 726 4312 mandendi
770 4243 921 4312 e'us
967 4240 1213 4322 oblita,
1265 4263 1379 4311 ore
1446 4253 1785 4322 retineret,
1839 4241 2318 4331 lacrymasque
2363 4238 2729 4319 funderet,

198 4344 278 4400 ut
327 4345 550 4420 posset
587 4332 745 4421 jure
844 4332 1020 4401 icere
1065 4353 1223 4400 cum
1273 4330 1647 4418 Propheta:
1703 4335 1914 4413 Quam
1964 4331 2194 4399 dulcia
2225 4330 2535 4418 faucibus
2569 4330 2738 4396 meis

200 4421 468 4510 eloquia
502 4430 643 4501 tua,
696 4443 895 4509 super
939 4423 1074 4490 mel
1105 4421 1209 4489 ori
1237 4422 1405 4489 meo!
1444 4419 1654 4509 (Psal.
1697 4422 1875 4509 ΜΘ).
1934 4419 2237 4489 vivacior
2272 4418 2458 4487 enim
2494 4416 2558 4486 ei
2605 4417 2742 4486 fuit
