3347 4999
128 362 307 428 OCT.
365 362 391 424 l
1049 379 1126 425 DE
1177 381 1229 426 s.
1288 379 1531 425 nAvoxE
1580 350 1761 426 conr.
2504 366 2588 428 55

130 479 596 539 murmurare,
634 468 698 527 et
733 458 964 527 nescio
995 479 1172 545 quae
1209 458 1572 528 maledicta
1603 460 1672 527 in
1718 470 2030 528 sanctum
2073 460 2299 529 virum
2335 482 2674 530 evomere:

128 550 518 638 permissus
542 547 887 629 diaboluS,
929 548 1047 634 qui
1083 546 1537 616 dolebatfana
1570 546 1782 628 dirui,
1824 560 1890 617 et
1921 548 2244 618 ecclesias
2273 553 2676 619 Sanctorum

121 638 328 727 erigi,
376 637 723 706 hominem
762 635 1077 705 vehiculo
1112 636 1618 725 proturbatum,
1666 636 1849 706 mole
1897 636 2196 726 desuper
2244 638 2571 728 ponderis
2621 652 2690 707 et

113 727 601 816 jumentorum
644 725 936 794 incursu
976 723 1306 812 relinquit
1341 736 1716 798 mortuum.
1758 730 2091 795 Evocatus
2127 727 2453 816 populus,
2488 727 2691 796 cada-

124 837 248 884 ver
279 814 789 884 conclamatum
834 814 990 882 navi
1028 813 1397 902 imponunt
1435 835 1572 882 non
1624 814 1773 882 sine
1822 814 2301 884 miseratione:
2346 828 2410 884 et
2450 816 2520 883 in
2573 815 2695 885 do·

126 926 328 1061 mulm
384 925 578 972 suam
642 902 998 993 perducto,
1038 901 1224 972 aliud
1280 901 1375 970 nil
1427 914 1571 971 erat
1618 902 1800 989 quod
1854 903 2254 992 cogitarent,
2294 904 2431 972 nisi
2467 903 2553 972 de
2585 927 2692 973 se-

180 1015 231 1061 u
269 1015 409 1061 cro.

126 1015 172 1083 p
226 1084 264 1168 ξ
313 1085 457 1152 18.
513 1079 640 1149 Ubi
675 1079 740 1147 id
795 1079 1046 1148 Bavoni
1082 1078 1490 1148 nunciatum
1541 1089 1663 1160 est,
1720 1092 1865 1148 tum
1918 1101 2075 1148 vero
2116 1079 2370 1160 dolere,
2432 1080 2693 1149 tristari

121 1184 201 1239 et
241 1169 718 1259 ingemiscere,
759 1180 1022 1237 reatum
1067 1190 1273 1237 suum
1325 1189 1675 1249 accusare,
1732 1168 1863 1237 sibi
1915 1167 2223 1238 defuncti
2272 1169 2695 1260 sanguinem

126 1261 533 1348 imputare:
579 1270 646 1327 et
676 1257 832 1326 totis
872 1257 955 1325 ad
996 1262 1203 1325 Deum
1255 1278 1629 1325 conversus
1679 1256 2099 1327 visceribus:
2157 1278 2193 1323 «
2233 1257 2376 1345 Eja,
2419 1261 2539 1337 ait,
2574 1262 2701 1327 Do-

130 1347 354 1427 mine,
411 1369 539 1415 cur
589 1358 989 1436 recepturus
1037 1345 1340 1414 animam
1382 1347 1558 1433 ejuS‚
1611 1345 1846 1414 celasti
1901 1351 2058 1413 me‘?
2096 1368 2132 1412 »
2184 1345 2385 1415 Jubet
2442 1346 2694 1415 dehinc

125 1436 435 1506 cadaver
477 1435 559 1503 ad
605 1456 676 1504 se
710 1434 972 1515 inferri,
1015 1446 1079 1502 et
1111 1433 1348 1502 clauso
1387 1434 1585 1514 ostio,
1625 1448 1928 1503 caeteros
1962 1435 2288 1516 amoveri,
2327 1435 2475 1524 ipse
2507 1435 2697 1504 solus

136 1546 358 1625 super
405 1524 789 1593 exanimem
841 1522 1147 1592 extendi:
1201 1523 1505 1611 seipsum
1556 1524 1627 1591 in
1681 1522 2156 1592 holocaustum
2196 1523 2575 1613 imponere,
2629 1536 2695 1593 et

137 1613 387 1703 adipes
451 1613 897 1703 pacificorum
959 1617 1088 1680 Deo
1137 1610 1458 1681 adolere:
1532 1611 1935 1701 appendens
2003 1611 2264 1701 scilicet
2316 1612 2701 1703 thymiama

138 1702 477 1772 orationis
510 1702 579 1769 in
614 1723 783 1770 auro
816 1702 1155 1791 pretiosae
1186 1699 1371 1782 fidei,
1407 1721 1542 1786 qua
1574 1700 1831 1770 sciebat
1877 1701 2113 1768 omnia
2163 1701 2517 1790 possibilia
2550 1723 2700 1770 cre-

140 1791 334 1861 denti
383 1790 630 1879 (Marcae‘
663 1790 782 1879 lx).
838 1790 957 1858 Vix
1006 1789 1212 1858 trium
1263 1789 1591 1858 horarum
1643 1789 1945 1879 spatium
1997 1788 2497 1869 intercesserat,
2548 1812 2700 1859 ora-

146 1881 406 1948 tionem
469 1878 760 1947 necdum
817 1879 1316 1958 terminaverat,
1372 1900 1532 1947 cum
1577 1900 1764 1947 mors
1814 1877 2030 1967 legem
2086 1879 2220 1967 pati
2282 1892 2537 1959 coacta,
2594 1900 2702 1948 re-

145 1968 372 2038 stituit
421 1988 622 2053 quem
684 1980 1024 2056 rapuerat,
1079 1966 1357 2036 Artinus
1418 1966 1641 2056 surgit
1688 1977 1753 2035 et
1812 1966 2145 2035 ambulat.
2206 1968 2308 2035 Fit
2367 1966 2695 2057 strepitus

149 2054 437 2146 populi:
493 2055 718 2123 omnis
772 2069 977 2137 aetas,
1032 2055 1259 2125 omnis
1310 2077 1511 2124 sexus
1561 2056 1955 2125 concutitur
2002 2056 2298 2125 novitate
2348 2055 2693 2135 miraculi,

146 2159 216 2214 et
250 2146 319 2212 in
358 2164 474 2211 ore
511 2145 821 2212 omnium
859 2156 1054 2213 sonat
1094 2143 1246 2212 laus
1281 2145 1418 2212 Dei.
1468 2144 1712 2213 Mirum
1758 2144 2256 2232 spectaculum,
2293 2155 2357 2213 et
2387 2145 2471 2213 ad
2503 2145 2701 2214 robo-

148 2232 409 2302 randos
458 2232 800 2301 nascentis
846 2232 1175 2302 ecclesiae
1209 2231 1389 2301 filios
1437 2254 1861 2322 congruum:
1918 2233 2039 2320 qui
2087 2230 2156 2301 in
2209 2232 2422 2322 hujus
2472 2254 2701 2303 resur·

153 2321 456 2390 rectione
504 2321 821 2410 speciali,
892 2321 1317 2412 cogebantur
1368 2341 1501 2388 non
1559 2321 1897 2391 haesitare
1945 2321 2028 2390 de
2094 2343 2217 2390 sua
2266 2335 2332 2390 et
2385 2321 2699 2391 omniurn

152 2410 655 2479 resurrectione
686 2410 1014 2501 generali.
1054 2415 1212 2478 Erat
1240 2409 1441 2479 etiam
1477 2409 1545 2477 in
1584 2423 1818 2479 sancto
1852 2410 1996 2479 viro
2033 2409 2495 2501 praedicabile
2526 2409 2700 2479 illud

150 2498 461 2579 intueri,
513 2498 692 2585 quod
746 2522 904 2568 cum
982 2499 1052 2568 in
1121 2497 1272 2588 ejus
1322 2497 1596 2568 laudem
1665 2498 1894 2568 omnis
1951 2522 2117 2580 vox,
2174 2501 2401 2570 omnis
2460 2499 2699 2590 lingua

153 2600 588 2669 consonaret,
623 2599 809 2657 tanta
831 2610 902 2657 se
936 2588 1187 2675 abjecit
1219 2588 1629 2669 humilitate,
1655 2601 1734 2657 ut
1769 2589 2151 2658 resuscitati
2186 2600 2463 2670 statum,
2497 2610 2703 2659 suum

153 2688 510 2767 reputaret
555 2698 821 2758 casum,
860 2676 913 2746 si
969 2677 1066 2744 vel
1112 2676 1279 2745 levis
1328 2689 1571 2745 ventus
1619 2699 1827 2746 aurae
1876 2677 2233 2767 popularis
2282 2679 2568 2746 intraret
2615 2675 2704 2744 ad

153 2765 574 2854 tangendam
626 2766 925 2834 radicem
979 2764 1417 2834 humilitatis.
1454 2765 1667 2852 Cujus
1714 2767 1898 2834 enim
1940 2779 2260 2847 mentem,
2301 2766 2505 2853 cujus
2554 2764 2702 2833 ani-

150 2876 350 2923 mum
402 2854 488 2922 ad
540 2867 674 2922 tam
712 2854 1047 2923 mirificae
1081 2853 1350 2923 virtutis
1384 2854 1656 2944 insigne
1689 2875 1824 2924 non
1859 2866 2253 2923 concuteret
2280 2856 2480 2923 turbo
2521 2852 2708 2922 favo-

159 2942 405 3011 rabilis
462 2942 801 3033 procellae
832 2998 847 3025 ,
901 2943 1039 3013 nisi
1087 2944 1207 3030 qui
1256 2943 1539 3012 domum
1593 2966 1788 3013 suam
1841 2943 2309 3012 constituisset
2356 2944 2425 3010 in
2464 2941 2711 3011 funda-

159 3045 397 3100 mento
446 3030 723 3121 petrae?
768 3037 961 3101 Petra
1012 3044 1238 3100 autem
1275 3044 1418 3101 erat
1450 3032 1782 3101 Christus,
1825 3037 1900 3099 In
1940 3031 2145 3117 cujus
2186 3052 2459 3100 summo
2507 3032 2714 3099 cacu-

157 3121 351 3189 mine
383 3142 541 3189 cum
581 3121 1038 3208 requiesceret
1075 3121 1178 3189 vir
1227 3133 1530 3202 sanctuS,
1570 3121 1774 3189 firma
1823 3120 1948 3187 niti
1984 3119 2236 3201 radice,
2295 3119 2463 3188 nihil
2518 3119 2603 3188 de
2643 3139 2714 3187 se

161 3230 645 3299 praesumere:
712 3222 924 3278 totum
984 3208 1164 3297 quod
1216 3222 1383 3290 erat,
1448 3209 1599 3297 ejus
1648 3209 1908 3299 gratiae
1970 3208 2380 3278 attribuere:
2433 3220 2498 3278 et
2553 3228 2714 3276 cum

157 3297 575 3366 exaltaretur
620 3312 808 3367 extra
862 3320 970 3378 se,
1043 3298 1112 3365 in
1182 3319 1255 3367 se
1305 3311 1531 3367 tamen
1584 3296 1940 3366 humiliari
1995 3319 2517 3386 usquequaque.
2584 3295 2714 3377 Qui

161 3387 408 3455 merita
454 3391 858 3456 Sanctorum
912 3386 1298 3478 ponderant
1348 3408 1427 3455 ex
1476 3386 1723 3454 virtute
1776 3386 2297 3468 miraculorum,
2352 3385 2455 3454 vel
2511 3385 2714 3455 istius

159 3475 638 3544 aestimatione
687 3475 1007 3544 miraculi
1039 3475 1420 3545 concedant
1453 3487 1765 3544 nostrum
1801 3479 2136 3568 Bavonem
2181 3475 2438 3544 sanctis
2484 3473 2711 3542 omni-

160 3565 297 3633 bus
339 3564 499 3651 jure
537 3565 963 3654 comparari:
1020 3566 1088 3633 in
1134 3564 1487 3654 prophetis
1535 3562 1719 3631 Eliae
1753 3585 2010 3653 parem,
2051 3564 2270 3633 Eliseo
2312 3562 2708 3649 aequalem:

161 3653 233 3721 in
272 3651 610 3741 Apostolis
642 3658 835 3722 Petro
860 3675 992 3722 non
1025 3653 1442 3733 inferiorem,
1474 3652 1734 3720 Joanne
1758 3653 2140 3723 concedant
2174 3675 2310 3722 non
2346 3654 2711 3731 minorem,

162 3763 370 3829 quem
396 3742 556 3831 jure
590 3742 845 3811 sanctis
875 3742 1203 3812 omnibus
1238 3743 1306 3810 in
1347 3741 1557 3810 unius
1594 3742 2112 3812 resuscitatione
2148 3741 2402 3811 mortui
2434 3762 2583 3809 com
2598 3760 2715 3826 pa-

165 3830 467 3899 randum
532 3831 1002 3901 aestimamus.
1058 3830 1164 3900 Illi
1217 3830 1453 3920 plures
1501 3830 2027 3912 suscitaverunt,
2080 3831 2208 3899 iste
2267 3851 2516 3899 unum.
2578 3826 2724 3917 Ipsi

162 3918 348 4006 quod
397 3918 591 3987 illius
639 3917 846 3988 faecis
893 3920 1181 4010 cogebat
1229 3919 1640 3989 necessitas:
1693 3919 1844 4000 iste,
1900 3919 2079 4007 quod
2136 3918 2346 4008 hujus
2396 3915 2726 4006 temporis

164 4008 525 4096 expetebat
556 4007 939 4076 humilitas.
984 4009 1247 4077 Etenim
1284 4008 1339 4077 si
1373 4007 1457 4076 ad
1492 4008 1797 4079 hominis
1832 4008 2246 4099 respicimus
2278 4006 2630 4085 meritum,
2662 4015 2730 4074 et

166 4096 291 4182 qui
328 4095 618 4185 plantat,
659 4109 724 4165 et
772 4097 890 4184 qui
942 4098 1141 4187 rigat,
1200 4095 1373 4164 nihil
1426 4109 1587 4166 sunt
1620 4097 1880 4184 absque
1927 4118 2029 4179 e0,
2066 4098 2185 4182 qui
2229 4095 2347 4163 dat
2395 4101 2572 4164 Deus
2620 4093 2732 4160 in-

167 4198 625 4254 crementum.
694 4190 963 4255 Rursus
997 4240 1013 4267 ,
1067 4186 1126 4255 si
1184 4185 1521 4255 miracula
1568 4186 1864 4255 velimus
1924 4185 2009 4254 de
2065 4205 2356 4253 numero
2408 4202 2725 4273 pensare,

172 4285 436 4363 poterat
467 4274 706 4361 utique
756 4274 1133 4343 multorum
1165 4274 1497 4344 cadavera
1546 4273 1808 4343 orando
1849 4274 2207 4354 suscitare,
2244 4273 2365 4360 qui
2402 4274 2730 4369 innume-

177 4384 288 4430 ras
323 4384 543 4450 usque
574 4363 777 4433 hodie
825 4363 1120 4445 animm,
1161 4363 1460 4453 pondere
1557 4374 1945 4433 eccatorum
2000 4376 2332 4443 mortuaS,
2370 4375 2434 4430 et
2472 4371 2734 4447 quatri-

177 4450 408 4519 duano
445 4452 512 4519 in
551 4451 801 4522 foetore
850 4452 1178 4543 sepultaS,
1215 4467 1443 4530 amoto
1539 4451 1993 4541 esperationis
2042 4450 2294 4543 lapide,
2342 4470 2478 4518 non
2511 4456 2738 4518 cessat
