3347 4999
660 355 789 419 256
1438 369 1514 415 nc
1562 370 1618 416 s.
1675 369 1939 416 remam
1989 370 2235 417 Pomm.
2850 352 3023 418 OCT.
3079 354 3122 417 8

572 457 974 547 Episcopus,
1027 476 1064 524 e
1110 453 1761 523 Tabenensiotarum
1817 456 2229 524 monasterio
2276 467 2617 524 extractus
2650 454 2738 523 ob
2772 455 2976 524 vitam
3018 455 3124 522 in-

572 544 1156 635 comparabilem,
1211 554 1274 611 et
1323 543 1899 632 spectatissimam
1959 544 2541 613 conversationem
2593 556 2796 630 atque
2848 566 3123 612 morum

576 634 1060 724 integritatem.
1116 635 1282 700 Cum
1334 632 1432 700 sic
1482 644 1710 701 autem
1764 633 1865 701 illi
1915 634 2419 712 convenissent,
2468 632 2931 701 Antiochenus
2964 632 3126 732 Epi-

576 745 828 814 scopus
869 722 1081 812 jussit
1116 742 1240 789 nos
1293 742 1567 790 manere
1599 723 1668 789 in
1709 721 1995 792 basilica
2027 721 2404 792 beatissimi
2443 720 2712 791 Juliani
2754 737 3121 810 martyris:

574 812 659 881 ad
710 812 911 901 cujus
968 809 1145 879 fores
1185 809 1583 880 sedentibus
1634 811 2034 900 Episcopis,
2092 832 2215 881 nos
2274 832 2548 898 quoque
2596 810 2682 879 ad
2731 831 2845 879 eos
2894 832 3128 879 acces-

575 902 819 971 simus.
876 905 1231 989 Rogarunt
1278 911 1505 967 autem
1562 898 1659 967 illi
1710 905 2027 968 Nonnum
2079 899 2440 968 dominum
2513 921 2742 969 meum
2779 952 2796 978 ,
2854 911 2930 969 ut
2979 921 3126 968 ser-

577 1010 848 1057 monem
886 988 969 1058 ad
1027 989 1211 1078 ipsos
1252 987 1552 1057 baberet.
1612 988 1790 1057 Nihil
1844 1010 1995 1057 vero
2049 1001 2413 1057 cunctatus
2464 987 2600 1068 ille,
2648 988 2873 1078 coepit
2933 986 3125 1075 loqui

573 1100 653 1147 ea
700 1100 876 1165 quae
924 1076 1224 1146 facerent
1272 1076 1355 1144 ad
1408 1077 1954 1146 aedificationem
2006 1091 2070 1146 et
2116 1077 2406 1146 salutem
2459 1077 2770 1145 omnium
2807 1077 2928 1163 qui
2960 1098 3123 1145 eum

576 1166 987 1236 audiebant.
1042 1166 1319 1235 Cunctis
1369 1188 1524 1234 vero
1564 1165 2076 1235 admirantibus
2125 1179 2429 1235 sanctam
2481 1165 2635 1253 ejus
2682 1165 3064 1234 doctrinam
3100 1219 3117 1246 ,

576 1277 733 1325 ecce
782 1256 1010 1325 subito
1046 1254 1317 1324 transiit
1369 1255 1551 1324 'uxta
1586 1276 1710 1323 nos
1762 1256 1986 1345 prima
2036 1254 2441 1323 Maenadum
2484 1255 2518 1288 ⁴⁸
2556 1253 2969 1336 Antiochiae,
3020 1254 3127 1321 in-

578 1343 797 1435 signis
850 1344 1189 1424 meretrix,
1243 1278 1454 1413 asello
1492 1343 1825 1424 insidens,
1864 1366 2024 1413 cum
2080 1342 2468 1413 incredibili
2523 1365 2774 1433 pompa
2809 1356 2872 1411 et
2906 1365 2992 1431 ap
3049 1365 3123 1410 a·

580 1448 779 1512 ratu,
847 1455 1069 1520 usque
1117 1432 1287 1502 adeo
1350 1446 1624 1523 compta
1672 1447 1738 1502 et
1785 1446 2071 1514 ornata,
2127 1445 2201 1502 ut
2250 1431 2419 1500 nihil
2484 1433 2551 1500 in
2616 1432 2771 1520 ejus
2822 1432 2981 1501 vesti
3044 1453 3125 1499 us

578 1534 971 1592 cerneretur
1031 1533 1295 1612 praeter
1352 1544 1601 1590 aurum
1639 1575 1654 1600 ,
1720 1519 2128 1611 margaritas
2192 1534 2256 1590 et
2316 1542 2666 1610 gemmas;
2724 1521 2855 1610 ipsi
2917 1520 3124 1590 etiam

582 1611 788 1702 pedes
836 1611 984 1700 ejus
1033 1631 1202 1680 auro
1251 1622 1314 1678 et
1364 1610 1758 1700 margaritis
1807 1622 2220 1699 tegerentur.
2276 1609 2581 1698 Stipabat
2629 1632 2786 1679 vero
2833 1631 2984 1679 eam
3023 1609 3125 1676 in·

580 1722 749 1790 gens
783 1703 979 1770 turba
1016 1720 1384 1790 puerorum
1428 1711 1493 1768 et
1528 1699 1939 1788 puellarum,
1977 1698 2182 1767 cultis
2234 1698 2604 1788 magnique
2647 1699 2844 1789 pretii
2886 1698 3128 1766 induta

583 1789 904 1869 vestibuS,
950 1801 1013 1857 et
1060 1801 1333 1874 torques
1382 1810 1626 1858 aureas
1673 1788 1760 1857 ad
1811 1788 2064 1857 collum
2120 1787 2366 1857 serens.
2421 1792 2514 1856 Ex
2555 1788 2640 1857 iis
2689 1788 2806 1856 alii
2857 1800 3127 1856 antece-

580 1877 856 1959 debant,
910 1877 1026 1945 alii
1077 1877 1543 1962 sequebantur
1573 1898 1750 1945 eam.
1790 1883 2002 1946 Tanta
2037 1889 2264 1946 autem
2317 1889 2461 1945 erat
2490 1875 2639 1966 ejus
2681 1876 2937 1945 formae
2975 1875 3127 1967 pul-

581 1967 850 2036 critudo
897 1978 962 2034 et
1007 1965 1370 2066 elegantia,
1425 1979 1501 2034 ut
1551 1966 1889 2046 homines,
1947 1966 2109 2035 huic
2160 1965 2421 2035 mundo
2453 1964 2688 2042 dediti,
2726 1965 2808 2034 ea
2854 1964 3127 2054 conspi-

583 2055 827 2124 cienda
874 2056 1153 2124 exatiari
1208 2075 1339 2122 non
1379 2067 1677 2144 possent.
1717 2059 2024 2141 Cumque
2081 2076 2203 2123 nos
2258 2055 2677 2143 praeteriret,
2734 2065 2946 2123 totum
2999 2053 3129 2121 im-

498 2189 503 2194 ·
588 2143 793 2232 plevit
840 2146 1063 2212 aerem
1115 2142 1404 2211 odorum
1445 2145 1616 2212 mira
1652 2143 2029 2232 fragrantia
2061 2155 2126 2211 et
2158 2143 2515 2213 suavitate.
2890 2183 2898 2191 ·

670 2235 706 2319 ξ
743 2238 829 2302 ⁶2.
876 2237 1038 2300 Eam
1067 2245 1144 2300 ut
1173 2232 1488 2301 viderunt
1516 2233 1832 2322 Episcopi
1868 2231 2308 2322 impudenter
2333 2245 2397 2300 et
2439 2231 2900 2300 inverecunde
2931 2251 3128 2319 prae·

587 2333 987 2401 tereuntem,
1044 2320 1215 2389 nihil
1262 2320 1476 2389 velato
1516 2323 1770 2411 capite,
1817 2336 1881 2389 et
1940 2320 2147 2391 nudis
2197 2319 2503 2409 scapulis
2550 2320 2864 2389 omnium
2906 2318 3129 2388 oculis

589 2408 981 2498 petulanterx
1010 2430 1086 2478 ex
1141 2409 1357 2490 ositiS,
1401 2410 1583 2479 taciti
1616 2409 2182 2501 ingemiscebant,
2222 2422 2286 2478 et
2319 2408 2527 2478 facies
2576 2431 2738 2478 suas
2774 2421 3129 2495 tamquam

586 2521 625 2567 a
675 2520 744 2567 re
781 2498 1143 2567 execrabii
1201 2511 1264 2569 et
1314 2498 1601 2569 immani
1652 2498 1905 2569 scelere
1954 2498 2367 2569 avertebant.
2422 2505 2497 2567 At
2545 2504 2827 2569 Nonnus
2875 2497 3130 2569 beatis-

587 2588 808 2657 simus
854 2588 943 2668 μ,
1001 2588 1455 2657 intentissime
1507 2592 1571 2657 in
1623 2611 1774 2657 eam
1835 2610 1997 2658 suos
2046 2588 2353 2676 defigens
2412 2587 2738 2668 obtutus,
2792 2586 2914 2655 diu
2974 2608 3129 2655 eam

584 2676 1229 2767 contemplabatur,
1289 2677 1378 2744 ita
1427 2689 1502 2745 ut
1548 2677 1752 2747 etiam
1806 2678 1872 2745 in
1926 2678 2291 2746 abeuntem
2346 2699 2479 2745 non
2531 2690 2829 2746 cessaret
2883 2676 3132 2744 acriter

589 2766 863 2834 intueri.
921 2765 1174 2834 Deinde
1222 2764 1416 2834 vultu
1465 2766 1546 2834 ad
1604 2767 1976 2855 Episcopos
2025 2787 2374 2845 converso,
2431 2789 2467 2832 «
2503 2770 2595 2834 An
2660 2787 2819 2844 non,
2876 2764 3125 2850 inquit,

586 2854 811 2923 affecit
881 2875 997 2923 vos
1064 2854 1274 2944 hujus
1336 2853 1632 2924 feminae
1701 2868 1928 2924 tantus
1994 2854 2245 2936 decor,
2311 2866 2631 2942 tantaque
2679 2857 3054 2923 venustas?
3095 2876 3130 2919 »

588 2942 733 3012 Illis
785 2942 957 3011 nihil
1009 2942 1607 3034 respondentibus,
1663 2944 1982 3034 deposuit
2038 2943 2278 3014 faciem
2333 2944 2400 3011 in
2454 2966 2679 3034 genua
2730 2965 2855 3014 sua
2902 2955 2966 3011 et
3014 2964 3134 3012 su-

587 3031 883 3112 darium,
937 3032 1119 3120 quod
1174 3032 1495 3103 manibus
1547 3033 1860 3115 tenebat,
1915 3045 1979 3101 et
2029 3033 2199 3102 flens
2249 3030 2569 3123 largiter,
2631 3043 2843 3101 totum
2895 3031 3129 3099 sinum

588 3143 791 3190 suum
843 3121 1208 3210 complevit
1249 3120 1622 3207 lacrymis;
1676 3133 1740 3191 et
1788 3122 2063 3191 abimo
2114 3133 2382 3209 pectore
2432 3121 2637 3210 longa
2700 3121 2963 3189 ducens
3012 3142 3135 3188 su-

590 3210 828 3309 spiria,
888 3232 1128 3280 rursus
1178 3210 1271 3278 ait
1317 3210 1404 3278 ad
1462 3210 1879 3311 Episcopos:
1935 3233 1971 3276 «
2006 3210 2182 3280 Nihil
2246 3232 2328 3280 ne
2376 3210 2686 3280 delectati
2736 3209 2900 3279 estis
2948 3221 3137 3276 tanta

589 3319 739 3383 ejus
797 3296 1315 3385 pulcritudine?
1349 3324 1371 3360 ⁸
1428 3298 1573 3370 Illis
1616 3300 2023 3381 tacentibuS,
2066 3305 2263 3390 «Ego
2300 3322 2477 3380 vero,
2535 3300 2784 3386 inquit,
2845 3296 3134 3367 mirifice

590 3370 966 3454 delectatus
1008 3408 1187 3456 sum.
1241 3391 1409 3455 Ecce
1461 3388 1642 3457 enim
1703 3390 2138 3479 omnipotens
2191 3394 2364 3459 Deus
2415 3389 2591 3458 hanc
2634 3388 2955 3457 feminam
2992 3397 3135 3453 sta-

591 3485 733 3543 tuet
762 3495 992 3541 coram
1029 3474 1424 3542 admirabili
1458 3490 1523 3546 et
1550 3478 1901 3547 tremenda
1931 3478 2090 3548 sede
2139 3500 2288 3557 sua,
2327 3499 2404 3547 ex
2438 3500 2517 3547 ea
2560 3491 2692 3547 tam
2738 3499 2883 3557 nOS,
2920 3495 3133 3560 quam

596 3583 852 3632 munus
898 3574 965 3630 et
1013 3563 1471 3632 ministerium
1526 3579 1834 3636 nostrum
1878 3567 2347 3657 judicaturus
2389 3572 2563 3649 Quot
2595 3567 2807 3646 enim,
2898 3562 3129 3642 utatiS,

593 3650 800 3721 horas
861 3650 1183 3739 expendit
1245 3651 1411 3721 haec
1462 3654 1757 3736 mulier,
1810 3656 1976 3725 dum
2027 3657 2096 3724 in
2146 3655 2469 3725 cubiculo
2534 3677 2658 3725 suo
2716 3677 2785 3723 se
2873 3663 3027 3721 avat
3072 3662 3140 3719 et

592 3740 969 3827 componit,
1023 3761 1296 3809 omnem
1349 3744 1564 3812 animi
1613 3765 1851 3813 curam
1902 3756 1966 3814 et
2012 3746 2492 3833 cogitationem
2532 3743 2871 3812 adhibens
2905 3740 2990 3809 ad
3032 3760 3142 3807 or-

595 3828 906 3896 nandum
959 3851 1129 3909 sese,
1187 3850 1269 3897 ne
1308 3831 1473 3915 quid
1539 3833 1756 3921 possit
1803 3834 1871 3901 in
1923 3856 2002 3903 ea
2051 3834 2316 3903 decoris
2363 3845 2427 3903 et
2477 3830 2973 3922 pulcritudinis
3020 3828 3142 3897 de-

594 3916 908 3998 siderari,
962 3932 1036 3987 ut
1090 3917 1350 4008 placeat
1397 3922 1710 3990 omniurn
1762 3921 2021 4003 oculis,
2078 3945 2200 3991 nec
2249 3921 2576 3992 deformis
2622 3920 2766 3989 ulla
2822 3941 2903 3988 ex
2953 3929 3143 4008 parte

599 4005 912 4075 videatur
944 4006 1369 4078 amatoribus
1411 4009 1555 4079 suis
1588 4009 1710 4096 qui
1749 4010 1952 4081 hodie
2001 4023 2184 4091 sunt,
2243 4034 2395 4080 cras
2443 4010 2753 4081 fortassis
2794 4028 3143 4094 nusquam

594 4098 839 4194 erunt?
870 4100 945 4165 Et
982 4117 1107 4165 nos
1143 4096 1468 4168 habentes
1499 4103 1762 4168 Patrem
1807 4101 2343 4190 omnipotentem
2377 4101 2445 4168 in
2488 4098 2720 4181 coelis,
2770 4097 3142 4166 Dominum

597 4204 980 4253 immensae
1032 4185 1429 4275 majestatis,
1470 4209 1801 4276 sponsum
1860 4188 2339 4267 immortalem,
2393 4190 2461 4257 in
2504 4210 2707 4275 quem
2745 4185 3149 4255 desiderant

596 4272 834 4361 Angeli
888 4274 1328 4364 prospicere,
1389 4276 1590 4365 cujus
1655 4277 2195 4367 pulcritudinem
2258 4278 2357 4349 sol
2407 4289 2471 4347 et
2520 4276 2683 4346 luna
2747 4276 3141 4355 mirantur,

652 4434 676 4461 ’Φ
707 4434 811 4473 Sive
832 4440 1098 4476 scortorum
1118 4439 1163 4476 et
1184 4438 1417 4485 impudice
1436 4437 1780 4478 bacchantium.

648 4488 703 4515 ⁸⁸¹*
734 4490 797 4528 De
818 4500 872 4529 eo
894 4491 1126 4538 agendum
1144 4490 1218 4531 die
1240 4501 1270 4530 ιι
1293 4492 1389 4531 dec.
1411 4501 1504 4540 qna
1524 4496 1797 4533 recensetur
1818 4489 1868 4533 ln
1886 4493 2126 4543 Martyrol.
