3347 4999
233 343 410 410 OCT.
463 343 535 407 211
1084 361 1162 407 ne
1210 360 1265 406 s.
1307 359 1646 407 mamona
1694 357 1936 406 ABBATE
2561 346 2689 411 6⁴5

239 446 369 528 Qui
419 444 652 513 volens
701 444 833 513 sibi
883 442 1311 512 reconciliari
1364 464 1622 523 senem,
1678 442 2068 528 frequenter
2140 444 2450 515 veniebat
2496 446 2581 515 ad
2644 446 2782 516 fra-

241 548 399 613 tres,
455 547 521 603 et
575 534 871 601 maxime
918 531 1000 601 ad
1056 532 1520 621 Hesychium‚
1574 553 1713 618 quo
1760 531 1877 600 ille
1924 532 2527 603 vehementissime
2593 535 2776 604 dele-

239 624 578 692 ctabatur.
641 621 950 704 Quadam
1025 621 1238 710 igitur
1297 621 1408 689 die
1471 621 1715 690 ciceris
1771 620 2025 690 fascem
2090 621 2398 703 virentis,
2454 623 2633 692 sicut
2701 625 2777 693 in

244 711 475 781 herbis
531 723 698 790 erat,
763 709 1029 780 detulit.
1101 714 1313 793 Quem
1377 730 1535 777 cum
1587 708 1974 798 Hesychius
2024 710 2365 812 posuisset
2413 711 2480 778 in
2537 733 2782 781 mensa

242 800 326 869 ad
379 821 764 889 vesperum,
801 798 1203 868 exclamavit
1244 819 1472 879 senex,
1518 820 1590 867 se
1632 811 1941 887 putorem
1984 820 2138 886 eJus
2171 798 2344 868 ferre
2382 820 2514 868 non
2548 822 2772 889 posse,

244 888 589 976 simulque
636 888 822 957 unde
861 900 1036 956 esset
1087 887 1367 974 rogavit.
1409 886 1885 977 Respondente
1925 899 2150 956 autem
2195 888 2553 976 Hesycbi0‚
2592 890 2779 976 quod

244 976 451 1046 frater
512 976 793 1064 quidam
867 976 1205 1065 primitias
1266 975 1469 1066 agelli
1533 976 1640 1045 sui
1701 976 2030 1045 fratribus
2096 975 2495 1046 detulisset:
2551 998 2586 1041 «
2633 982 2779 1046 Non

244 1067 477 1148 sentis,
519 1066 764 1152 inquit,
805 1079 1112 1155 putorem
1148 1065 1600 1141 teterrimum,
1645 1078 1710 1133 et
1743 1064 1809 1132 in
1846 1065 2064 1134 cicere
2097 1063 2344 1134 foetere
2374 1065 2779 1134 avaritiam?

245 1156 426 1224 Mitte
484 1155 734 1233 bubu5‚
794 1153 981 1223 mitte
1030 1153 1251 1223 brutis
1298 1152 1745 1234 animalibuS,
1799 1165 1863 1222 et
1929 1153 2101 1233 vide,
2155 1175 2242 1222 an
2292 1153 2678 1223 comedant.
2736 1178 2771 1220 »

244 1243 434 1326 Quod
476 1265 635 1313 cum
689 1242 803 1311 ille
843 1244 1040 1334 juxta
1092 1254 1528 1331 praeceptum
1582 1243 1648 1310 in
1709 1263 2030 1331 praesepe
2063 1243 2427 1332 posuisset,
2471 1243 2775 1313 exterriti

243 1334 472 1413 boveS,
511 1345 576 1401 et
611 1331 768 1421 plus
818 1331 1018 1400 solito
1071 1330 1455 1420 mugientes
1504 1331 1727 1419 ruptis
1767 1330 2083 1412 vinculis,
2138 1331 2205 1398 in
2260 1331 2527 1401 diversa
2579 1331 2775 1422 fuge-

246 1434 430 1490 runt.
476 1420 780 1489 Habebat
827 1421 1008 1488 enim
1048 1441 1249 1489 senex
1297 1419 1476 1487 hanc
1516 1420 1832 1509 gratiam,
1889 1433 1963 1489 ut
2008 1442 2087 1489 ex
2135 1419 2341 1488 odore
2379 1442 2768 1510 corporum,

246 1511 677 1595 vestiumque
724 1522 788 1578 et
819 1530 1055 1578 earum
1095 1529 1347 1587 rerum,
1402 1530 1575 1594 quas
1622 1508 1781 1595 quis
1832 1509 2161 1598 tetigerat,
2209 1510 2412 1580 sciret
2458 1509 2569 1578 cui
2619 1509 2777 1578 dae-

246 1599 458 1677 moni,
515 1597 610 1667 vel
663 1598 776 1667 cui
826 1598 987 1666 vitio
1036 1597 1436 1697 subjaceret.

331 1690 367 1775 §
414 1691 563 1759 1¹).
621 1688 839 1776 Igitur
872 1708 1024 1755 sexa
1079 1686 1495 1754 esimotertio
1526 1685 1700 1753 vitae
1731 1708 1896 1754 suae
1942 1707 2125 1754 anno
2172 1707 2461 1755 cernens
2509 1685 2771 1776 grande

243 1776 763 1857 monasterium,
817 1788 881 1843 et
930 1797 1049 1843 mu
1083 1773 1443 1843 titudinem
1478 1772 1764 1843 fratrum
1803 1795 2034 1843 secum
2088 1774 2572 1853 habitantium,
2628 1787 2776 1844 tur-

242 1865 504 1952 basque
550 1886 814 1944 eorum,
853 1864 969 1950 qui
1022 1862 1310 1932 diversis
1359 1862 1835 1952 languoribuS,
1870 1876 1934 1932 et
1980 1862 2365 1932 immundis
2414 1863 2775 1953 spiritibus

241 1967 613 2044 occupatos
661 1952 744 2020 ad
784 1974 855 2021 se
905 1951 1358 2030 deducebant,
1416 1951 1506 2019 ita
1548 1964 1624 2019 ut
1669 1952 1854 2019 omni
1907 1972 2152 2040 genere
2201 1951 2561 2021 hominum
2612 1951 2775 2022 soli-

245 2041 410 2111 tudo
455 2064 572 2130 per
619 2041 984 2109 circuitum
1040 2040 1438 2129 repleretur,
1483 2039 1687 2109 flebat
1734 2039 2061 2126 quotidie,
2114 2053 2178 2108 et
2217 2040 2605 2111 incredibili
2654 2040 2774 2109 de-

245 2129 498 2199 siderio
538 2128 1072 2199 conversationis
1105 2130 1425 2214 antiquae
1464 2128 1969 2198 recordabatur.
2034 2134 2500 2220 Interrogatus
2541 2152 2582 2198 a
2637 2128 2776 2198 fra-

245 2218 491 2300 tribuS,
530 2218 695 2306 quid
734 2218 1034 2298 haberet,
1066 2239 1191 2286 cur
1226 2239 1297 2286 se
1329 2217 1714 2298 conficeret,
1768 2217 1897 2286 ait:
1936 2240 1969 2284 «
2001 2222 2299 2286 Rursum
2338 2218 2419 2287 ad
2458 2218 2773 2288 seculum

252 2306 446 2387 redii,
499 2320 564 2375 et
613 2307 835 2397 recepi
888 2306 1266 2375 mercedem
1331 2327 1550 2374 meam
1596 2306 1662 2374 in
1715 2305 1846 2375 vita
1901 2329 2072 2375 mea.
2128 2311 2221 2374 En
2274 2306 2588 2377 homines
2651 2313 2776 2376 Pa-

247 2395 596 2477 laestinae,
650 2409 714 2465 et
750 2395 1012 2465 vicinae
1061 2394 1448 2485 provinciae
1494 2394 1887 2464 existimant
1923 2417 2029 2465 me
2084 2395 2383 2486 alicujus
2428 2418 2576 2466 esse
2627 2417 2775 2465 mo-

249 2485 497 2566 menti;
543 2497 607 2554 et
659 2506 784 2574 ego
819 2484 948 2554 sub
1007 2493 1353 2573 praetextu
1395 2484 1789 2553 monasterii
1849 2484 1931 2553 ad
1985 2484 2572 2574 dispensationem
2636 2484 2775 2554 fra-

248 2586 455 2654 trum,
500 2574 700 2642 vilem
756 2572 1245 2662 supellectilem
1286 2573 1525 2642 habeo.
1568 2596 1603 2639 »
1640 2574 2048 2644 Servabatur
2079 2587 2303 2644 autem
2341 2596 2379 2642 a
2413 2573 2765 2654 fratribus,

246 2663 540 2732 maxime
588 2662 674 2732 ab
723 2662 1086 2751 Hesychio,
1141 2661 1262 2748 qui
1314 2662 1486 2730 miro
1519 2683 1751 2731 amore
1810 2664 2225 2732 venerationi
2267 2663 2451 2732 senis
2499 2661 2774 2730 deditus

242 2764 409 2820 erat.
449 2756 754 2837 Cumque
804 2752 895 2819 ita
944 2752 1217 2820 vixisset
1245 2749 1486 2840 lugens
1517 2749 1900 2831 biennium,
1937 2752 2354 2820 Aristaeneta
2384 2749 2527 2829 illa,
2567 2750 2772 2840 cujus

245 2860 458 2930 supra
520 2839 809 2910 fecimus
860 2840 1320 2919 mentionem,
1377 2839 1698 2908 Praefecti
1758 2851 1921 2909 tunc
1985 2861 2190 2920 uxor,
2258 2838 2372 2908 sed
2448 2838 2621 2907 nihil
2687 2837 2774 2906 de

242 2929 567 2998 Praefecti
623 2928 888 2998 ambitu
937 2928 1223 3008 habens,
1283 2928 1462 2997 venit
1509 2929 1590 2997 ad
1640 2950 1826 3009 eum,
1884 2927 2114 2997 volens
2178 2927 2379 2997 etiam
2431 2926 2516 2995 ad
2573 2930 2776 2996 Anto-

243 3016 436 3087 nium
477 3039 778 3108 pergere.
811 3017 930 3087 Cui
963 3017 1076 3086 ille
1110 3018 1305 3086 ssens:
1344 3016 1682 3097 «Vellem,
1729 3016 1845 3096 ait,
1893 3017 2037 3105 ipse
2068 3036 2339 3103 quoque
2388 3016 2506 3096 ire,
2547 3015 2775 3084 sinon

239 3127 510 3176 carcere
535 3107 746 3195 hujus
775 3105 1168 3176 monasterii
1202 3106 1484 3174 clausus
1515 3119 1801 3186 tenerer,
1831 3116 1895 3174 et
1935 3105 1989 3173 si
2029 3105 2240 3174 eundi
2273 3103 2539 3174 fructus
2568 3114 2768 3173 esset:

242 3193 536 3263 biduum
587 3195 770 3263 enim
825 3194 1026 3264 hodic
1072 3206 1196 3275 est,
1233 3194 1413 3280 quod
1455 3208 1634 3263 totus
1671 3192 1976 3262 mundus
2018 3193 2134 3262 tali
2172 3205 2446 3283 parente
2490 3192 2774 3262 orbatus

242 3296 367 3352 est.
424 3306 459 3348 »
510 3282 806 3352 Credidit
860 3282 1002 3363 illa,
1069 3295 1133 3351 et
1188 3283 1513 3352 substitit.
1584 3287 1660 3351 Et
1713 3295 1860 3371 post
1911 3303 2165 3371 paucos
2219 3282 2388 3362 dies,
2454 3282 2769 3350 veniente

246 3372 524 3451 nuncio,
578 3371 842 3440 Antonii
895 3370 1375 3440 dormitionem
1427 3369 1714 3439 audivit.
2740 3396 2747 3406 ·

333 3467 371 3541 ἓ
424 3463 592 3530 21).
647 3460 975 3529 Mirentur
1024 3460 1141 3528 alii
1191 3460 1412 3550 signa,
1473 3480 1649 3545 quae
1682 3458 1861 3540 fecit,
1911 3458 2247 3528 mirentur
2295 3458 2774 3529 incredibilem

242 3548 755 3627 abstinentiam,
809 3548 1190 3626 scientiam,
1228 3547 1685 3616 humilitatem
1714 3571 1728 3628 ;
1762 3569 1889 3648 ego
1924 3547 2096 3617 nihil
2140 3548 2231 3618 ita
2264 3561 2526 3638 stupeo,
2562 3570 2775 3635 quam

242 3636 531 3727 gloriam
584 3635 780 3705 illum
832 3649 897 3705 et
943 3636 1268 3705 honorem
1320 3635 1585 3706 calcare
1651 3648 1976 3726 potutsse.
2050 3639 2557 3707 concurrebant
2615 3638 2776 3726 Epi-

241 3726 457 3815 scopi,
530 3725 931 3815 presbyteri,
986 3724 1393 3794 clericorum
1445 3737 1509 3795 et
1558 3725 2052 3796 monachorum
2105 3747 2369 3816 gregeS,
2426 3736 2777 3794 matronae

240 3835 514 3901 quoque
562 3813 1130 3894 Christianorum,
1182 3813 1470 3904 grandis
1519 3815 1819 3896 tentatio,
1864 3826 1929 3883 et
1960 3813 2121 3883 hinc
2155 3815 2316 3883 inde
2352 3836 2433 3882 ex
2482 3812 2778 3883 urbibus

241 3917 306 3971 et
351 3903 536 3994 agris
584 3901 835 3992 vulgus
884 3902 1231 3993 ignobile:
1287 3902 1401 3973 sed
1439 3916 1505 3973 et
1555 3916 1860 3993 potentes
1908 3903 2036 3971 viri
2091 3916 2155 3972 et
2192 3902 2490 3989 judices,
2539 3913 2612 3969 ut
2661 3902 2781 3971 be-

243 3991 590 4061 nedictum
626 3991 712 4060 ab
759 4013 838 4060 eo
891 4013 1132 4081 panem
1169 3991 1268 4061 vel
1317 3991 1541 4061 oleum
1587 3992 1998 4081 acciperent.
2052 3995 2127 4060 At
2177 3991 2292 4060 ille
2329 3989 2501 4059 nihil
2555 3989 2773 4073 aliud,

243 4078 376 4147 nisi
427 4079 867 4151 solitudinem
908 4080 1389 4163 meditabatur,
1445 4081 1788 4150 intantum
1825 4095 1901 4149 ut
1937 4079 2239 4167 quadam
2278 4079 2390 4148 die
2435 4079 2782 4167 proficisci

241 4170 591 4239 statuerit:
644 4183 749 4249 et,
805 4169 1104 4238 adducto
1144 4169 1355 4239 asello
1400 4169 1644 4259 (nimis
1695 4170 1951 4259 quippe
2007 4190 2251 4238 exesus
2307 4168 2618 4258 jejuniiS,
2671 4168 2781 4237 vix

167 4344 172 4349 ²
244 4257 515 4345 ingredi
567 4258 879 4348 poterat),
934 4258 1062 4328 iter
1092 4258 1395 4347 arripere
1439 4271 1830 4329 conaretur.
1883 4257 2074 4340 Quod
2126 4279 2283 4326 cum
2349 4256 2783 4346 percrebuis-

245 4356 368 4419 set.
420 4358 483 4413 et
528 4348 726 4433 quasi
779 4348 1054 4419 vastitas
1099 4359 1165 4417 et
1204 4347 1551 4437 justitium
1600 4346 2022 4416 Palaestinae
2072 4345 2512 4426 indiceretur,
2582 4344 2781 4436 plus-

245 4453 451 4523 quam
524 4435 755 4506 decem
832 4436 1050 4506 millia
1125 4436 1486 4506 hominum
1558 4434 1867 4505 diversae
1938 4435 2176 4506 aetatis
2250 4447 2314 4505 et
2376 4442 2620 4515 sexus,
2692 4433 2778 4504 ad
