3347 4999
246 339 424 405 OCT.
480 340 519 403 6
761 357 842 403 nn
891 357 945 404 s.
1002 355 1298 403 ancnoris
1348 352 1856 403 citamusmnoa.
1915 357 2309 406 autumem
2592 340 2720 404 2⁴9

243 441 544 522 debetiS,
596 440 944 510 exsolvite.
1011 439 1291 509 Volebat
1350 440 1553 508 etiam
1621 461 1700 508 eo
1751 451 2101 529 tempore,
2173 464 2465 533 magnae
2516 464 2811 533 pauper-

243 531 403 601 tatis
451 542 515 598 et
563 529 982 599 humilitatis
1030 529 1275 597 ardore
1326 549 1706 598 succensus
1741 583 1756 609 ‚
1809 528 2235 614 equitaturas
2299 554 2462 601 suas
2522 545 2811 602 cunctas

241 618 560 699 vendere,
615 632 680 687 et
729 618 952 688 diviso
1005 616 1430 706 pauperibus
1482 618 1734 706 pretio,
1793 617 2089 707 propriis
2144 619 2434 707 pedibus
2487 621 2574 688 iu·
2610 642 2808 708 prae-

240 708 583 777 dicatione
632 708 1050 777 discurrere.
1108 705 1233 775 Sed
1287 706 1492 775 homo
1544 704 1869 798 profundi
1917 706 2145 775 cordis
2201 708 2531 797 magister
2578 714 2808 777 Bruno

240 820 379 867 non
429 797 802 876 consensit,
860 797 1112 865 timens
1164 816 1248 862 ne
1279 793 1461 884 apud
1515 817 1587 864 se
1636 794 1863 863 forsan
1916 794 2376 876 extolleretur,
2432 810 2554 866 aut
2586 819 2624 864 a
2655 819 2806 865 cae-

242 886 408 955 teris
457 885 539 954 de
587 884 1073 974 singularitate
1116 882 1553 971 judicaretur
1601 884 1960 972 Episcopis
1994 939 2009 964 ,
2062 896 2182 953 aut
2227 883 2439 974 (quod
2508 885 2804 954 dubium

243 997 382 1044 non
430 975 607 1063 erat)
655 974 961 1064 idipsum
1012 985 1288 1072 propter
1319 973 1755 1061 asperitatem
1791 983 1856 1041 et
1887 972 2446 1058 inaequalitatem
2485 996 2811 1043 consum-

248 1085 439 1132 mare
490 1085 622 1131 non
682 1076 908 1154 posset
957 1061 1310 1130 itinerum.
1383 1066 1482 1130 Ita
1531 1060 1814 1147 quidem
1876 1061 1946 1131 in
2015 1062 2193 1131 beati
2245 1063 2561 1151 Hugonis
2611 1062 2757 1131 Vita
2789 1117 2803 1142 ‚

249 1152 493 1222 scribit
538 1153 621 1232 is,
673 1174 879 1239 quem
931 1149 1259 1232 diximus,
1314 1151 1556 1240 Guigo,
1611 1149 1843 1240 gravis
1892 1151 2240 1240 imprimis
2287 1167 2529 1221 auctor
2561 1164 2626 1220 et
2674 1150 2813 1220 fide

251 1241 731 1332 dignissimus.
780 1246 1002 1310 Potest
1033 1251 1260 1308 autem
1312 1261 1390 1307 ex
1443 1240 1549 1308 liis
1584 1238 1949 1340 perspicue
1988 1239 2472 1322 animadverti,
2513 1252 2814 1327 quantae

250 1331 681 1400 auctoritatis
734 1342 799 1398 et
853 1328 1379 1397 existimationis
1427 1327 1635 1397 fuerit
1683 1329 1924 1398 beatus
1960 1333 2190 1398 Bruno
2241 1328 2427 1419 apud
2467 1345 2603 1398 tam
2645 1329 2815 1398 insi-

252 1441 459 1509 gnem
505 1421 946 1510 Episcopum,
1003 1429 1078 1504 ut
1124 1417 1243 1503 qui
1292 1416 1353 1485 ei
1404 1416 1587 1485 haud
1638 1438 1864 1498 secuS‚
1918 1430 2123 1505 atque
2171 1439 2297 1487 suo
2347 1418 2611 1498 Abbati,
2661 1440 2815 1487 raro

252 1508 544 1578 eximiae
594 1505 1008 1577 humilitatis
1054 1504 1391 1594 exemplo,
1445 1505 1802 1587 obedierit,
1855 1506 1943 1576 ob
1992 1505 2145 1594 ejus
2197 1506 2662 1596 proculdubio
2694 1529 2810 1575 ex-

250 1597 611 1666 cellentem
663 1595 1093 1665 sanctitatem
1129 1606 1194 1662 et
1234 1594 1669 1683 sapientiam.
1725 1595 1896 1663 Sunt
1943 1595 2060 1681 qui
2111 1595 2442 1676 scribant,
2481 1595 2803 1685 eumdem

250 1687 671 1777 Episcopum
714 1708 749 1754 a
787 1685 984 1754 beato
1036 1688 1351 1752 Brunone
1392 1683 1826 1753 Carthusiani
1879 1684 2180 1753 Instituti
2216 1683 2530 1755 habitum
2573 1707 2808 1755 mona-

254 1775 501 1845 sticum
555 1774 926 1864 accepisse.
982 1777 1072 1840 Eo
1119 1793 1392 1859 quoque
1443 1773 1740 1842 instante
1787 1785 1852 1842 et
1897 1772 2277 1855 efficiente,
2330 1774 2813 1843 circumvicini
2893 1797 2908 1814 ²

253 1885 521 1945 omnes,
577 1876 709 1931 tam
763 1860 1233 1940 ecclesiastici,
1290 1883 1495 1949 quam
1552 1860 1818 1930 nobiles
1866 1875 1931 1930 et
1982 1861 2258 1954 plebeji‚
2300 1884 2516 1953 prona
2567 1861 2812 1931 volun-

256 1964 389 2021 tate
438 1951 686 2021 dedere
734 1951 931 2020 beato
979 1950 1279 2018 Brunoni
1316 1964 1380 2019 et
1410 1950 1739 2020 fratribus
1772 1950 1947 2037 ejus,
1988 1966 2344 2040 perspecta
2389 1973 2629 2021 eorum
2668 1963 2807 2021 tam

255 2052 516 2120 sancta,
571 2041 967 2109 honestaet
1000 2037 1316 2129 religiosa
1364 2039 1902 2118 conversatione,
1940 2041 2275 2126 quicquid
2319 2041 2506 2130 juris
2545 2041 2811 2110 obtine-

259 2143 409 2197 rent
444 2130 511 2197 in
556 2127 952 2198 Carthusiae
1004 2128 1380 2207 montibus,
1419 2140 1483 2197 et
1531 2129 1707 2196 intra
1753 2127 2008 2197 limites
2045 2129 2198 2217 ejus
2238 2129 2514 2198 deserti.

343 2219 378 2304 ἓ
426 2223 577 2290 16.
632 2218 767 2286 Etsi
801 2230 1028 2286 autem
1069 2218 1312 2286 beatus
1348 2222 1596 2296 Bruno,
1635 2216 1798 2285 olim
1855 2217 1920 2284 in
1983 2216 2244 2285 mundo
2292 2218 2610 2297 celebriS,
2656 2217 2806 2301 ,iam

252 2307 445 2376 omni
486 2306 728 2375 mundi
762 2306 973 2394 hujus
1020 2304 1281 2374 calcata
1330 2305 1574 2395 gloria,
1628 2306 1698 2374 in
1750 2307 1980 2376 eremo
2031 2305 2320 2388 latitare,
2370 2308 2636 2394 solique
2685 2311 2813 2375 Deo

255 2394 522 2464 ardenti
573 2417 806 2465 amore
852 2416 930 2463 ac
994 2394 1338 2464 desiderio
1388 2395 1780 2474 inhaerere,
1898 2408 2125 2464 ustare
2172 2417 2383 2483 quam
2438 2395 2674 2464 suavis
2723 2395 2815 2464 sit

256 2485 614 2566 DominuS,
685 2497 887 2571 atque
956 2495 1139 2553 extra
1211 2506 1369 2554 eum
1427 2506 1711 2574 prorsus
1775 2417 1948 2553 uigil
1998 2499 2319 2575 appetere
2367 2507 2812 2574 summopere

254 2573 581 2654 studeret,
620 2596 751 2643 non
786 2573 1003 2664 potuit
1034 2585 1259 2642 tamen
1306 2595 1804 2660 usquequaque
1840 2587 1990 2643 voto
2023 2574 2220 2663 potiri
2258 2596 2406 2645 suc.
2448 2580 2614 2643 Nam
2648 2596 2808 2643 cum

252 2684 389 2731 non
443 2676 616 2732 totos
656 2685 770 2732 sex
799 2684 1022 2732 annos
1055 2661 1124 2729 in
1177 2661 1295 2731 illa
1326 2664 1572 2750 exigua
1619 2661 1929 2749 quidem,
1984 2663 2100 2733 sed
2159 2675 2395 2733 sancta
2450 2661 2811 2732 sodalitate

250 2752 629 2841 exegisset.
683 2750 983 2821 Pontifex
1051 2751 1370 2821 Urbanus
1427 2757 1534 2833 11,
1586 2751 1706 2839 qui
1771 2750 1936 2820 olim
1989 2753 2162 2822 beati
2217 2753 2354 2820 Viri
2407 2750 2805 2841 discipulus

250 2840 517 2921 fuerat,
569 2862 728 2909 cum
780 2840 864 2910 ad
918 2838 1085 2908 illud
1131 2840 1433 2909 sublime
1497 2840 1855 2931 praecipui
1913 2840 2194 2911 honoris
2246 2840 2396 2911 fasti
2457 2841 2599 2909 ium
2651 2862 2807 2908 eve-

247 2943 401 2999 ctus
447 2941 669 3010 esset,
722 2941 1141 3020 cuperetque
1217 2941 1481 2999 tantum
1546 2950 1805 2999 munus
1874 2945 2193 2998 accurate
2269 2930 2415 3018 imp
2446 2951 2608 3008 ere,
2666 2950 2800 2998 non

250 3020 619 3088 immemor
663 3018 977 3109 egregiae
1027 3016 1297 3087 virtutis
1337 3030 1402 3087 et
1451 3018 1744 3087 illustris
1794 3016 2146 3086 doctrinae
2194 3018 2343 3105 ejus
2386 3020 2495 3087 sui
2536 3039 2807 3107 praece·-

251 3107 490 3196 ptoris‚
535 3108 782 3176 accivit
827 3128 987 3175 eum
1023 3127 1143 3196 per
1172 3107 1430 3177 litteras
1460 3107 1515 3174 ¹⁶.
1558 3107 1643 3176 ad
1681 3120 1956 3176 sanctae
1997 3105 2340 3177 Ecclesiae
2389 3104 2808 3195 praestanda

253 3194 504 3276 officia,
557 3196 854 3285 graviter
904 3196 1380 3286 praecipiens,
1436 3218 1520 3265 ne
1581 3196 1811 3265 venire
1879 3193 1964 3263 acl
2021 3195 2266 3265 Urbem
2333 3209 2802 3266 cunctaretur.

251 3283 380 3353 Illo
440 3284 791 3355 Pontificis
841 3283 1165 3354 mandato
1261 3285 1535 3367 erlecto,
1594 3285 1838 3374 ingens
1895 3281 2092 3353 dolor
2142 3285 2392 3354 invasit
2454 3283 2698 3354 fratres
2744 3295 2812 3352 et

251 3373 434 3442 filios
472 3373 623 3462 ejus
669 3394 935 3453 omnes,
977 3394 1100 3442 nec
1146 3308 1605 3443 afmittebant
1634 3371 2204 3453 consolationem,
2253 3386 2706 3463 protestantes
2740 3394 2813 3441 se

249 3459 445 3530 nullo
499 3474 691 3550 pacto
742 3462 809 3529 in
861 3483 938 3530 ea
991 3476 1178 3532 vasta
1228 3462 1603 3532 solitudine
1653 3483 1854 3551 posse
1906 3462 2304 3551 perdurare,
2359 3463 2420 3531 si
2478 3463 2645 3532 tanti
2693 3484 2812 3551 pa-

251 3550 377 3619 tris
431 3551 815 3639 praesentia
844 3552 1279 3633 orbarentur;
1311 3574 1383 3621 se
1430 3551 1712 3639 quidem
1754 3572 2144 3621 mansuros.
2188 3552 2245 3623 si
2300 3565 2608 3621 maneret
2640 3551 2810 3640 ipse;

249 3639 358 3707 sin
422 3638 690 3718 abiret,
748 3661 817 3709 se
870 3641 1126 3728 pariter
1194 3641 1528 3710 abituros.
1586 3645 1838 3709 Eorum
1907 3640 2235 3731 lacrymis
2287 3642 2403 3709 Vir
2455 3641 2816 3730 piissimus

247 3726 448 3797 valde
495 3741 997 3810 consternatus,
1034 3741 1098 3799 et
1151 3729 1367 3799 multa
1407 3728 2014 3799 commiseratione
2053 3741 2424 3820 permotuS,
2484 3752 2641 3799 cum
2678 3728 2816 3815 ipsi

247 3838 527 3905 quoque
569 3816 1115 3899 acerbissimum,
1154 3818 1500 3888 videretur
1570 3829 1719 3908 post
1771 3830 2029 3888 tantam
2099 3819 2362 3887 amicae
2411 3817 2817 3888 solitudinis

247 3907 574 3994 quietem,
614 3918 872 3974 tantam
925 3907 1139 3976 animi
1176 3906 1746 3995 tranquillitatem
1776 3920 1843 3976 et
1875 3907 2339 3979 conscientiae
2372 3907 2810 3976 serenitatem

250 3994 336 4063 ad
383 3994 624 4064 mundi
666 3995 877 4083 hujus
921 4018 1128 4065 curas
1158 4008 1224 4065 et
1263 3996 1591 4085 strepitus
1644 3998 1971 4077 revocari,
2008 4018 2140 4066 eos*
2174 3995 2427 4065 blande
2460 3994 2813 4065 consolari

258 4084 629 4152 nitebatur.
687 4084 954 4153 Sciebat
999 4085 1183 4153 enim
1229 4085 1563 4174 scriptum
1592 4108 1782 4156 esse:
1835 4086 1966 4166 Oui
2013 4108 2126 4154 vos
2164 4085 2384 4164 audit,
2425 4108 2530 4153 me
2571 4085 2813 4153 audit:

249 4171 411 4239 item
438 4196 452 4236 ε
508 4176 733 4243 Omnis
766 4175 1001 4243 anima
1030 4176 1468 4264 potestatibus
1497 4176 2002 4244 sublimioribus
2031 4173 2304 4242 subdita
2323 4175 2409 4242 sit
2430 4174 2647 4262 (Rom.
2675 4172 2811 4260 iu):

260 4273 462 4346 atque
510 4284 587 4330 ea
651 4265 862 4332 causa
927 4263 1275 4332 Pontificis
1330 4263 1732 4333 mandatum
1810 4285 1942 4332 non
1994 4261 2194 4331 aliter
2239 4263 2529 4352 accepit,
2599 4283 2808 4348 quam

253 4348 526 4418 coelesti
568 4352 850 4422 oraculo
898 4352 981 4421 ad
1037 4375 1106 4423 se
1140 4351 1437 4421 delatam
1489 4374 1718 4423 vocem
1755 4364 1934 4421 esset
1983 4365 2436 4441 accepturusz·
2468 4352 2700 4436 aitque
2729 4347 2816 4417 ad

308 4474 336 4502 θ’
366 4476 514 4525 Anno,
534 4478 589 4517 ut
608 4478 816 4524 videtur.
839 4481 955 4521 1089.
