3347 4999
90 328 293 393 OCT.
351 329 390 392 3
818 346 895 390 nr:
944 347 999 390 s,
1055 346 1341 392 eEnAnno
1390 346 1629 393 „xssssArss
1679 347 2010 395 enoxiexsi
2509 338 2591 399 95

195 433 233 518 ξ
313 434 472 501 22.
548 435 688 498 Hac
740 441 1138 517 tempestate
1191 430 1611 501 Giselbertus
1661 431 1795 500 dux
1846 449 1988 501 erat
2039 436 2542 527 Letharingiae‚
2582 439 2682 506 vir

86 520 391 606 quidem
449 540 740 608 magnae
791 517 1153 606 dignitatis
1206 531 1272 586 et
1321 521 1684 608 potentiae,
1753 520 1808 588 si
1874 535 2098 612 tamen
2159 527 2559 596 meminisse
2613 544 2677 594 et

88 608 496 696 intelligere
548 607 875 676 voluisset
924 606 1096 676 illud
1144 607 1586 677 Davidicum:
1627 613 1838 678 Homo
1888 634 2037 679 oum.
2086 615 2156 680 in
2207 613 2450 683 honore
2476 629 2666 692 esset,

88 721 238 766 non
280 697 786 784 z'ntelleoeitffs.
821 695 960 783 48).
992 700 1147 764 Erat
1181 697 1362 764 enim
1417 718 1629 783 gener
1679 699 1955 767 Henrici
1992 701 2172 789 regis
2208 702 2667 778 celeberrimi,

90 788 177 854 in
244 785 683 854 matrimonio
748 785 1009 853 liabens
1071 784 1433 854 sororem*
1482 786 1792 868 OthoniS,
1853 788 2289 876 postmodum
2323 806 2679 880 praestan-

94 874 367 943 tissimi
419 874 881 963 Imperatoris.
930 878 1060 941 Nec
1094 873 1264 943 illud
1318 874 1696 943 obscurum
1740 890 1863 956 est,
1919 891 1993 945 ut
2030 877 2208 946 idem
2255 880 2675 950 Giselbertus

92 974 174 1032 et
208 963 631 1051 Francigena
675 962 1138 1042 Eberhardus,
1175 963 1393 1052 copiis
1430 964 1727 1052 magniS‚
1775 965 2090 1034 Rhenum
2132 969 2666 1047 transmiserint,

97 1065 177 1122 et
227 1051 776 1138 circumquaque
834 1053 1178 1120 Saxonum
1231 1063 1491 1120 vastata
1543 1054 1921 1141 provincia,
1969 1076 2127 1124 cum
2168 1057 2387 1125 multa
2422 1057 2668 1146 praeda

94 1141 196 1209 ad
256 1140 434 1208 idern
489 1141 744 1209 flumen
785 1140 1061 1222 reversi,
1117 1153 1194 1210 ut
1241 1140 1308 1209 in
1356 1140 1668 1230 patriam,
1689 1141 2014 1223 redirent,
2052 1143 2148 1212 ibi
2194 1167 2350 1215 cum
2405 1146 2551 1216 suis
2583 1146 2670 1214 ab

97 1229 421 1299 exercitu
472 1252 604 1298 non
659 1251 934 1318 magne,
976 1230 1188 1298 immo
1219 1230 1490 1320 exiguo,
1547 1230 1835 1299 Othonis
1885 1232 2067 1300 eaesi
2104 1233 2265 1313 sint,
2311 1233 2430 1304 illo
2463 1235 2530 1303 in
2568 1235 2672 1303 ΑΙ-

97 1318 289 1387 satia
341 1318 438 1387 rei
488 1318 741 1386 exitum
799 1316 1281 1406 praestolante,
1333 1332 1399 1387 et
1448 1318 1762 1388 divinum
1823 1320 2237 1409 implorante
2302 1322 2665 1392 auxilium.

112 1406 252 1476 Ubi
305 1429 469 1475 sane
510 1407 891 1494 chronogra
951 1406 1086 1475 hus
1116 1406 1457 1496 ejusmodi
1494 1407 1719 1478 verbis
1760 1409 2012 1479 utitur:
2053 1410 2493 1482 Eberhardus
2526 1412 2670 1501 gla—

99 1495 252 1564 diis
301 1495 662 1574 oceiditur,
721 1429 1143 1564 Giselhertus
1188 1495 1404 1564 Rheni
1461 1495 1671 1565 undis
1722 1498 2231 1588 submergitur:
2282 1521 2456 1587 quas
2505 1501 2664 1586 quia

101 1585 479 1654 exsorbere
530 1606 693 1674 prae
745 1584 1187 1654 multitudine
1239 1607 1370 1654 non
1415 1585 1656 1672 potuit,
1694 1586 1925 1655 anima
1978 1587 2355 1668 recedente,
2396 1588 2661 1658 defecit.

105 1675 369 1758 Sieque
406 1674 793 1762 completur
828 1674 1226 1742 vaticinium
1273 1674 1823 1764 l'salmographi‚
1882 1676 2210 1745 dicentis:
2263 1682 2472 1746 Homo
2522 1702 2667 1746 cum

104 1765 185 1829 in
239 1763 484 1831 honore
533 1774 744 1840 esset,
800 1785 931 1830 non
980 1764 1342 1831 intelleoeic.
1412 1768 1576 1831 Nam
1641 1776 1918 1853 propter
1975 1765 2164 1853 regni
2217 1766 2661 1836 ambitionem

106 1852 287 1919 haec
340 1850 477 1918 illis
525 1851 830 1918 evenere.
1106 1922 1111 1928 ,

209 1941 246 2022 ξ
285 1943 446 2008 28.
500 1939 573 2006 Ei
608 1938 763 2007 duci
796 1937 1194 2012 Giselberto‚
1235 1962 1392 2008 cum
1432 1940 1664 2009 adhuc
1708 1941 1925 2010 honor
1962 1940 2061 2009 illi
2102 1965 2272 2012 suus
2298 1957 2663 2022 constaret,

111 2027 365 2096 Christi
409 2027 756 2096 consessor
804 2027 1124 2096 Gislenus
1157 2029 1247 2106 **,
1293 2029 1409 2114 qui
1448 2030 1515 2096 in
1560 2028 1940 2099 Hainoensi
1975 2031 2266 2116 quiescit
2302 2033 2662 2110 territorio,
2761 2091 2774 2108 ‚

116 2130 324 2215 nocte
361 2115 769 2272 ilntempesta
808 2138 926 2205 per
976 2116 1198 2185 visum
1233 2119 1580 2206 apparuit,
1636 2131 1701 2187 et
1738 2119 2041 2206 querelis
2075 2120 2373 2191 miscens
2410 2144 2663 2211 preces,

112 2227 217 2273 sic
267 2226 329 2272 ei
406 2218 650 2274 ocutus
700 2219 834 2273 est:
912 2252 916 2260 -

519 2357 781 2430 Πονιῃίε,
824 2376 901 2419 an
948 2358 1194 2433 vigilas,
1243 2360 1501 2421 nimium
1552 2358 1816 2422 labentia
1863 2368 2135 2423 curans?

517 2436 876 2507 Giselberte,
924 2452 1117 2501 meam
1165 2439 1472 2516 complens
1513 2440 1759 2502 attende
1802 2440 2124 2521 loquelam.

517 2518 596 2580 Da
648 2518 798 2580 inihi
845 2518 977 2579 Dux
1025 2534 1239 2588 unum,
1279 2519 1527 2599 supplex
1572 2519 1873 2599 efflagitO,
1918 2532 2183 2598 scutum,

516 2598 643 2670 Quo
685 2597 1109 2659 communitus
1150 2613 1499 2677 oppugnem
1546 2601 1786 2662 fortiter
1830 2602 2006 2676 ictus,

515 2676 672 2750 Quos
715 2678 949 2739 inferre
993 2678 1143 2739 mihi
1190 2694 1310 2740 non
1359 2678 1659 2741 desistunt
1706 2681 1966 2742 inimici.

116 2830 236 2898 Cui
302 2829 501 2898 heros
565 2829 989 2900 Giselbertus
1045 2832 1137 2899 ita
1172 2852 1291 2920 per
1328 2832 1563 2919 jocum
1607 2833 1997 2923 respondit:
2054 2859 2088 2901 «
2128 2831 2467 2917 Quorsum
2509 2834 2653 2905 tibi.

117 2928 354 2987 sancte
393 2919 530 2998 Dei,
590 2916 881 2990 bellicus
929 2918 1258 3008 clypeus?
1305 2924 1509 2990 Scuto
1558 2921 1833 2991 divinae
1896 2923 2336 3011 protectionis
2385 2945 2658 3012 semper

114 3019 180 3074 et
225 3006 486 3093 ubique
536 3007 897 3088 munituS‚
956 3029 1086 3076 non
1139 3008 1412 3098 indiges
1478 3012 1776 3092 nostris,
1840 3024 1916 3081 ut
1962 3012 2282 3099 equidem
2329 3012 2646 3091 arbitror,

115 3095 400 3165 armis.»
428 3101 502 3164 At
533 3110 815 3185 sanctus
840 3097 1210 3167 obscurius
1237 3096 1415 3167 dicta
1443 3099 1821 3188 explicans,
1860 3123 1894 3165 «
1924 3106 2016 3170 Ne
2038 3100 2228 3181 forte,
2259 3102 2506 3189 inquit,
2540 3124 2654 3170 su-

116 3205 445 3273 spensum
500 3198 561 3252 te
610 3185 857 3254 habeat
904 3207 1130 3255 sermo
1179 3185 1362 3255 ambi
1421 3209 1601 3267 uus,
1656 3189 1927 3257 noveris
1991 3212 2099 3259 me
2170 3190 2434 3259 diutius
2483 3190 2657 3259 serre

118 3294 252 3342 non
305 3294 505 3362 posse
552 3273 993 3360 quotidianas
1064 3289 1388 3344 eontume
1422 3278 1522 3346 ias
1554 3330 1569 3355 ,
1624 3277 1881 3364 quibus
1928 3277 2240 3349 afficiunt
2290 3278 2654 3379 Ursidongi

118 3361 453 3431 Cellenses
520 3361 797 3431 elerici:
853 3368 927 3431 In
1000 3384 1149 3431 meo
1216 3364 1398 3433 enim
1461 3365 1790 3435 coenobio
1841 3365 2034 3436 nulla
2082 3369 2367 3437 omnino
2418 3368 2654 3458 religio

117 3464 485 3520 exercetur.
526 3453 775 3522 Omnes
822 3473 1001 3537 quae
1049 3474 1174 3520 sua
1216 3466 1399 3534 sunt,
1430 3466 1810 3539 quaerunt:
1846 3476 2022 3542 quae
2054 3468 2280 3526 tamen
2318 3457 2431 3525 Dei
2465 3469 2650 3535 sunt,

116 3561 195 3608 ea
242 3538 778 3624 nihilipendunt.
832 3544 1150 3630 Corporis
1198 3542 1478 3628 quidem
1532 3542 1663 3610 mei
1763 3541 1983 3612 lebam
2037 3544 2296 3615 vehunt
2354 3558 2418 3615 et
2467 3548 2652 3613 reve-

116 3628 291 3696 hunt
338 3649 459 3718 per
507 3640 780 3709 terram,
821 3628 935 3698 sed
988 3651 1067 3700 eo
1117 3642 1411 3711 tantum,
1466 3640 1539 3698 ut
1595 3629 1731 3700 side
1768 3632 1908 3702 ium
1964 3633 2372 3721 liberalitate
2422 3656 2492 3704 se
2541 3656 2652 3703 ex-

118 3715 370 3805 pleant.
424 3716 702 3785 Interim
745 3738 852 3786 me
888 3739 1013 3788 nec
1056 3719 1389 3788 lacessere
1436 3717 1788 3800 desinunt,
1826 3742 1950 3790 nec
1989 3724 2342 3808 quiescere
2373 3723 2647 3794 sinunt:

118 3818 182 3874 et
224 3819 299 3875 ut
347 3826 488 3874 rem
542 3817 745 3874 totam
801 3807 1042 3895 paucis
1080 3806 1476 3895 expediam,
1532 3807 1722 3879 nulla
1765 3809 1949 3899 apud
1985 3833 2101 3881 eos
2135 3824 2237 3881 est
2278 3812 2655 3881 reverentia

122 3895 353 3966 nostri.
430 3893 554 3962 Sed
673 3894 787 3963 uia
838 3895 1276 3986 Letharingia
1329 3896 1450 3965 tibi
1499 3911 1730 3986 paret,
1800 3898 2083 3970 obsecro
2132 3914 2194 3970 te
2243 3922 2363 3991 per
2411 3901 2654 3970 Christi

119 4005 407 4062 nornen,
480 4004 562 4051 ne
679 3982 905 4054 ifferas
983 3984 1308 4054 idoneum
1375 3985 1549 4054 mihi
1620 3998 1962 4077 pastorem
2047 3989 2440 4076 inquirere,
2523 3994 2655 4057 sub

119 4071 310 4161 eujus
359 4084 503 4142 tuto
556 4071 1029 4142 moderamine
1080 4072 1382 4163 pauxilla
1432 4076 1688 4165 possim
1738 4076 1975 4164 requie
2011 4078 2238 4168 potiri.
2279 4077 2471 4160 Quod
2513 4078 2658 4164 qui·

125 4160 269 4229 dem
323 4174 397 4230 ut
442 4161 752 4231 obtinere
798 4182 1035 4247 queaS,
1089 4185 1126 4230 a
1177 4185 1282 4233 me
1329 4165 1571 4252 paucis
1619 4165 1900 4255 accipe:
1940 4171 2052 4236 Est
2089 4167 2158 4235 in
2210 4188 2385 4257 pago
2418 4171 2658 4235 Loma-

123 4252 296 4317 censi
348 4249 582 4331 locus,
635 4250 855 4337 quem
895 4253 1218 4321 Bronium
1271 4266 1558 4334 vocant,
1626 4254 1693 4321 in
1764 4275 1900 4340 quo
1958 4254 2243 4340 quidam
2314 4254 2656 4324 Gerardus

175 4411 199 4436 ⁸
227 4410 306 4450 Cui
333 4421 500 4452 nomen
530 4416 629 4455 erat
658 4414 891 4462 Get-beram

176 4462 223 4490 *⁹
248 4465 311 4504 De
328 4474 421 4513 quo
440 4462 561 4506 infra
581 4467 635 4506 ad
661 4467 783 4506 diem
803 4475 847 4506 xi
870 4465 1050 4506 surius.
