3347 4999
668 306 797 370 486
1329 323 1407 369 na·
1442 321 1532 369 ss.
1573 317 1840 368 PLAcmo
1880 322 1955 369 ετ
2003 319 2202 370 socns
2250 322 2365 369 nn.
2846 303 3017 370 OCT.
3072 306 3113 370 5

577 421 823 488 castra,
871 407 1066 476 villas
1091 418 1155 475 et
1184 407 1670 495 possessiones,
1710 427 1886 492 quae
1919 406 2050 475 sibi
2087 407 2154 474 in
2210 428 2278 474 re
2319 407 2772 478 haereditaria
2813 407 3113 496 pertine·

579 499 768 578 bant,
813 518 969 564 cum
1023 495 1362 566 universis
1409 518 1447 564 a
1506 494 1830 584 penditiis
1879 495 2047 564 suis.
2104 500 2393 564 Domum
2447 519 2626 577 vero,
2669 498 2734 566 in
2782 517 2918 584 qua
2963 496 3115 565 Pla-

575 587 775 656 cidus
810 584 997 654 filius
1022 585 1173 674 ejus
1207 597 1410 653 natus
1475 596 1665 653 uerat
1697 584 1764 653 in
1801 583 1972 656 urbe
2004 589 2244 664 Roma,
2281 584 2349 651 in
2389 585 2609 654 Caelio
2652 597 2899 663 monte,
2934 585 3115 654 beati

578 675 842 744 Erasmi
877 674 1139 742 nomini
1172 673 1437 754 dicaris,
1482 672 1657 763 patri
1709 674 2146 743 sanctissimo
2176 694 2258 741 ex
2292 684 2427 743 toto
2459 674 2815 744 concessit.
2854 673 3115 743 Obtulit

577 765 780 833 etiam
826 764 976 850 ipso
1017 762 1127 830 die
1169 767 1299 832 Deo
1332 776 1396 832 et
1434 762 1691 831 sanctis
1740 763 1890 852 ejus
1939 761 2368 831 medietatem
2436 762 2522 831 de
2578 763 2728 832 lacu
2790 763 3108 844 Lucrin0‚

578 874 840 921 necnon
878 864 945 920 et
977 851 1278 920 insulam
1318 851 1710 940 Caprariam
1736 904 1753 930 ,
1792 852 1858 919 in
1917 851 2062 920 salo
2110 850 2554 941 Neapolitano
2588 851 2873 920 locatam
2903 906 2918 932 ,
2960 874 3114 941 por-

578 954 864 1028 tumque
899 940 1359 1029 Trajesensem
1397 953 1461 1009 et
1494 940 2008 1020 Ultranensem,
2052 951 2117 1008 et
2149 952 2354 1009 totam
2396 940 2754 1030 piscariam
2795 940 3117 1012 Lesinen-

577 1053 721 1099 sem
775 1051 908 1098 una
950 1051 1110 1098 cum
1146 1029 1327 1097 fasce
1358 1051 1507 1108 sua,
1549 1027 1756 1098 simul
1794 1029 1995 1097 etiam
2035 1040 2171 1097 tres
2207 1028 2472 1099 insulas
2511 1029 2849 1098 Diomedis
2881 1044 2947 1100 et
2979 1029 3114 1099 ssu-

576 1120 764 1187 vium
818 1119 1021 1187 Lauri
1066 1118 1263 1208 juxta
1305 1118 1669 1208 piscariam
1727 1118 2185 1186 Lesinensem.
2242 1118 2524 1207 Propria
2583 1139 2740 1188 vero
2804 1140 2981 1205 quae
3039 1119 3111 1187 in

578 1207 821 1296 Apulia
865 1205 1179 1288 habebat,
1220 1220 1461 1297 rogatu
1500 1206 1756 1275 Placidi
1792 1207 1919 1275 filii
1961 1207 2069 1276 sui
2108 1206 2464 1296 parimodo
2517 1209 2886 1289 concessit,
2939 1229 3113 1294 quo-

582 1318 734 1366 rum
774 1296 1051 1365 nomina
1088 1296 1256 1367 haec
1302 1308 1505 1366 sunt:
1552 1300 1624 1363 In
1677 1296 1966 1365 Canusia
2009 1294 2302 1365 fundum
2343 1296 2800 1377 Melitensem,
2850 1297 3113 1366 Poden-

580 1407 748 1466 sem,
804 1385 1036 1454 villam
1072 1389 1450 1463 Pertusam,
1490 1406 1814 1473 campum
1852 1384 2252 1463 Caliensem,
2289 1384 2736 1454 Babolianum
2774 1384 3106 1467 viculum,

578 1488 644 1544 et
674 1473 1031 1544 ecclesiam
1071 1478 1354 1544 Sanctae
1390 1473 1637 1542 Mariae
1682 1473 1748 1541 in
1801 1473 2041 1542 eadem
2098 1474 2438 1542 Canusina
2488 1474 2756 1543 civitate
2795 1487 3114 1544 constru-

579 1577 758 1631 ctam
802 1585 958 1632 cum
1002 1563 1308 1633 cortibus
1341 1562 1662 1651 pluribus
1693 1575 1756 1630 et
1781 1561 2004 1663 plagis
2037 1561 2341 1649 locisque
2365 1562 2678 1631 diversis
2718 1567 2848 1632 Ista
2881 1563 3111 1632 omnia

580 1650 924 1721 Tertullus
960 1652 1290 1739 patricius
1324 1673 1480 1720 cum
1516 1649 1790 1720 Placido
1824 1651 1967 1721 filio
1999 1673 2126 1721 suo
2168 1652 2341 1740 patri
2386 1650 2746 1721 Benedicto
2789 1673 2909 1742 per
2942 1652 3116 1722 scri-

580 1753 772 1831 ptum
828 1740 1258 1810 tradiderunt
1309 1742 1375 1808 in
1430 1752 1834 1829 perpetuum
1876 1738 2311 1829 possidenda.

668 1831 704 1916 ἓ
743 1835 835 1902 0.
892 1834 1091 1898 Hunc
1125 1829 1510 1898 aemulatus
1536 1827 1620 1896 ad
1648 1830 1903 1897 bonum
1937 1829 2249 1914 Equitius
2270 1842 2561 1913 senator,
2599 1828 2845 1899 obtulit
2870 1841 2934 1898 et
2965 1829 3114 1918 ipse

581 1940 717 1987 una
774 1940 931 1986 cum
990 1917 1134 1988 filio
1194 1939 1320 1987 suo
1374 1922 1606 1986 Mauro
1662 1915 1957 1987 fundum
2006 1917 2416 1987 Gentianum
2471 1938 2627 1986 cum
2685 1916 2858 1987 cella
2892 1917 3113 1990 sancti

580 2006 871 2107 Agapiti,
909 2019 973 2075 et
1012 2019 1261 2075 cortem
1308 2028 1502 2075 suam
1554 2006 1622 2073 in
1667 2006 1936 2076 civitate
1970 2006 2408 2096 Neapolitana
2446 2004 2732 2076 locatam
2757 2061 2772 2086 ‚
2811 2028 2972 2075 cum
3004 2029 3114 2077 ec-

579 2095 786 2165 clesia
845 2106 1120 2164 sanctae
1178 2095 1462 2185 virginis
1503 2094 1747 2163 Christi
1813 2095 2138 2165 Caeciliae
2195 2108 2259 2163 et
2315 2095 2527 2164 sancti
2597 2096 2923 2176 Severini,
2990 2095 3113 2165 ubi

579 2197 812 2275 postea
864 2205 901 2252 a
955 2196 1141 2271 patre
1196 2183 1556 2252 Benedicto
1613 2184 1941 2254 ecclesiae
1998 2184 2165 2253 sitae
2226 2197 2426 2262 sunt,
2503 2205 2767 2252 necnon
2819 2183 3113 2253 ecclesia

580 2279 863 2342 Sanctae
900 2273 1146 2341 Mariae
1185 2272 1251 2341 in
1289 2272 1621 2342 Cosentia.
1661 2272 2048 2344 Gordianus
2086 2293 2360 2360 quoque
2401 2277 2746 2342 Romanae
2780 2274 2972 2343 urbis
3009 2274 3113 2342 vir

583 2360 1001 2450 spectabiliS,
1056 2362 1301 2430 horum
1353 2361 1708 2431 devotione
1747 2361 2143 2443 delectatuS,
2203 2360 2451 2430 obtulit
2504 2383 2624 2450 pro
2670 2384 2740 2431 se
2795 2375 2860 2431 et
2908 2361 3117 2432 Silvia

578 2471 788 2519 uxore
822 2472 944 2519 sua
988 2450 1183 2519 villas
1222 2464 1287 2520 et
1333 2448 1585 2521 fundos
1616 2450 2034 2539 complures,
2081 2449 2327 2520 Eodem
2372 2463 2501 2519 tem
2559 2470 2675 2520 ore
2697 2451 2844 2541 jam
2879 2450 3113 2522 dictus

582 2538 924 2609 Tertullus
986 2540 1335 2628 patricius,
1374 2539 1646 2609 hortatu
1705 2540 2123 2610 sanctissimi
2186 2539 2439 2610 Placidi
2554 2539 2627 2608 lii
2685 2541 2820 2621 sui,
2865 2540 3118 2611 obtulit

578 2628 976 2698 beatissimo
1008 2650 1088 2697 ac
1124 2628 1488 2699 venerabili
1547 2630 1720 2718 patri
1758 2629 2118 2699 Benedicto
2149 2629 2382 2699 decem
2420 2640 2484 2697 et
2516 2640 2666 2698 octo
2717 2630 3115 2718 patrimonii

579 2718 688 2787 sui
737 2731 957 2786 cortes
1002 2739 1176 2805 quas
1218 2717 1283 2784 in
1325 2716 1553 2786 Sicilia
1588 2718 1905 2798 habebat,
1947 2732 2011 2787 et
2053 2719 2119 2786 in
2153 2717 2443 2788 diversis
2484 2716 2650 2786 locis
2683 2719 2786 2786 vir
2828 2739 3113 2807 praepo-

579 2819 727 2875 tens
764 2805 1176 2895 possidebat,
1224 2806 1438 2875 bonas
1488 2805 1682 2875 valde
1728 2820 1791 2876 et
1843 2829 2151 2897 magnas,
2190 2827 2348 2875 cum
2394 2806 2731 2893 portubus
2777 2807 2948 2886 suiS,
2987 2805 3110 2875 sil-

580 2895 703 2977 vis,
757 2896 978 2981 aquiS‚
1028 2896 1364 2985 piscariis,
1412 2894 1850 2975 molendinis,
1895 2917 2372 2982 aquarumque
2404 2892 2815 2964 decursibus
2848 2895 2930 2964 ad
2963 2916 3117 2965 eas-

579 2983 732 3053 dem
783 2997 1001 3053 cortes
1054 2983 1587 3073 pertinentibuS,
1652 3005 1810 3053 cum
1865 2985 2077 3053 servis
2125 3005 2196 3051 se
2252 2996 2381 3052 tem
2439 2981 2770 3062 millibus,
2810 2984 3112 3072 exceptis

579 3072 910 3142 uxoribus
942 3094 1175 3144 eorum
1218 3087 1283 3142 et
1330 3072 1516 3152 filiis,
1554 3093 1714 3141 cum
1772 3072 2190 3162 procuratori
2246 3094 2329 3141 us
2376 3069 2774 3139 earumdem
2817 3072 3115 3140 cortium

579 3176 781 3247 atque
832 3183 866 3229 a
907 3162 1182 3253 proprio
1224 3163 1383 3250 jure
1432 3159 1706 3229 easdem
1754 3174 1974 3231 cortes
2023 3159 2462 3239 abscindenS,
2516 3158 2735 3229 eidem
2777 3160 2954 3248 patri
2996 3181 3120 3248 per

579 3263 1017 3339 praeceptum
1078 3249 1357 3319 tradidit
1404 3250 1471 3318 in
1527 3262 1929 3338 perpetuum
2001 3247 2472 3339 possidenda5‚
2531 3250 2745 3336 poena
2803 3249 3120 3338 apposita

578 3338 1095 3423 quatuordecim
1138 3337 1430 3407 millium
1468 3337 1876 3407 talentorum
1912 3339 2064 3408 auri
2105 3339 2225 3425 qui
2260 3337 2327 3407 id
2374 3358 2718 3406 removere
2759 3349 3108 3412 tentasset,

578 3428 701 3496 His
741 3448 1012 3513 quoque
1061 3426 1305 3497 diebus
1353 3426 1741 3497 Gordianus
1774 3427 2056 3514 quidam
2111 3427 2385 3497 natione
2433 3431 2810 3507 RomanuS,
2872 3426 3117 3496 litteris

577 3515 851 3586 Graecis
883 3516 1197 3605 apprime
1222 3515 1559 3596 erudituS,
1594 3516 1681 3585 ad
1715 3516 2170 3585 venerabilem
2202 3528 2460 3606 patrem
2490 3515 2930 3585 Benedictum
2967 3536 3117 3604 per-

576 3605 783 3685 venit,
824 3627 1032 3691 seque
1060 3605 1209 3704 ejus
1242 3605 1633 3694 magisterio
1660 3605 1993 3675 subdidit.
2023 3604 2344 3674 Placidus
2372 3617 2598 3673 autem
2637 3603 3111 3685 beatissimus,

576 3692 744 3762 dum
797 3694 1006 3762 robur
1045 3693 1260 3761 virilis
1302 3693 1661 3763 invasisset
1709 3717 1788 3763 ae
1819 3694 1970 3774 atiS,
2018 3715 2088 3763 se
2140 3694 2205 3762 in
2248 3693 2574 3763 omnibus
2624 3694 2955 3785 magistro
2989 3715 3117 3762 suo

577 3781 938 3852 Benedicto
973 3781 1268 3853 subdere
1307 3782 1595 3863 studuit,
1630 3796 1697 3852 et
1722 3708 1852 3852 sul>
1884 3784 2034 3873 ejus
2071 3783 2455 3872 praesentia
2494 3782 2874 3883 angelicam
2911 3782 3119 3850 vitam

578 3871 647 3938 in
701 3872 897 3939 terris
943 3871 1196 3941 ducere
1240 3872 1486 3960 coepit,
1540 3893 1744 3959 quem
1785 3886 1974 3961 pater
2002 3871 2412 3941 Benedictus
2440 3892 2521 3940 ac
2554 3887 2732 3943 sicut
2762 3871 3118 3963 proprium

574 3959 795 4028 filium
849 3961 1129 4028 unicum
1183 3960 1301 4029 dili
1358 3982 1501 4041 ens,
1556 3983 1717 4030 cum
1773 3982 2052 4029 summa
2099 3960 2444 4030 industria
2492 3960 2577 4030 de
2623 3962 2732 4031 his
2779 3981 2955 4047 quae
3007 3958 3123 4027 Dei

576 4062 761 4128 sunt,
801 4047 1089 4118 sollicite
1137 4072 1216 4119 ac
1258 4049 1325 4117 di
1362 4050 1624 4140 igenter
1662 4049 2009 4118 instruxit.

663 4137 699 4223 ξ
747 4140 821 4207 ¹2.
877 4143 1000 4207 Per
1053 4137 1232 4207 idem
1301 4152 1570 4228 tempus
1622 4151 2101 4227 procuratores
2146 4138 2480 4217 cortium,
2534 4158 2705 4224 quas
2764 4135 2831 4203 in
2887 4133 3125 4204 Sicilia

575 4224 918 4295 Tertullus
968 4228 1296 4326 patricius
1348 4228 1521 4316 patri
1570 4226 1933 4296 Benedicto
1967 4239 2420 4305 concesserat,
2465 4225 2722 4314 legatos
2757 4224 3120 4294 Cassinum

575 4313 659 4382 ad
714 4315 1184 4384 beatissimum
1243 4330 1498 4404 patrem
1552 4315 1993 4385 Benedictum
2045 4315 2481 4393 direxerunt,
2537 4313 2849 4399 eo,quod
2902 4326 3126 4382 cortes

576 4402 766 4491 ipsae
814 4426 853 4472 a
899 4404 1295 4490 quibusque
1343 4404 1884 4485 devastarentur,
1924 4403 2094 4473 adeo
2128 4417 2204 4473 ut
2233 4426 2271 4472 a
2315 4401 2879 4492 procuratoribus
2932 4400 3127 4470 nullo
