3347 4999
721 333 852 398 480
1338 349 1415 397 nn
1463 350 1517 396 s,
1572 348 1766 398 LULLO
1813 348 2104 397 Ancumr.
2159 349 2433 398 nouum.
2765 330 2939 397 OCT.
2994 333 3073 397 to

633 449 709 506 ut
757 435 970 507 sacris
1021 434 1215 524 prius
1262 433 1622 505 celebratis
1677 434 2054 523 mysteriiS,
2109 455 2178 503 se
2226 433 2311 503 ad
2362 432 2875 504 Heresfeldense
2925 455 3165 503 mona-

637 526 919 597 sterium
970 522 1425 625 praecederet.
1480 521 1602 592 Ille
1652 524 1800 591 sine
1851 544 2041 591 mora
2088 543 2361 592 sacrum
2414 521 2800 612 perficiens,
2853 522 2979 591 etsi
3028 536 3171 592 toto

635 634 916 703 corpore
965 611 1333 682 incolumis
1403 610 1748 681 videretur
1794 623 1860 680 et
1906 633 2118 681 sanus
2158 666 2172 692 ‚
2225 633 2385 680 cum
2437 611 2887 681 sacramentis
2936 612 3175 681 Domi-

635 703 812 772 nicis
886 701 1413 791 participasset,
1465 721 1813 770 unacum
1866 700 2067 769 Missa
2117 700 2339 768 linivit
2384 712 2448 769 et
2513 700 2741 770 vitam.
2809 699 2988 768 Nihil
3039 700 3173 769 hoc

632 812 798 860 casu
846 802 1071 861 motus
1120 789 1383 869 Lullus,
1435 790 1664 859 obitus
1713 788 1823 857 sui
1894 789 2392 876 praenuncium
2447 789 2603 857 navi
2652 810 2885 857 secum
2957 788 3177 879 impo-

634 880 869 960 situm,
926 901 1045 968 per
1093 882 1460 967 Moganum
1512 877 1580 946 in
1632 875 2146 947 Heresseldense
2193 877 2226 913 ⁴
2274 877 2710 958 coenobium,
2767 877 2960 966 prius
3009 899 3049 945 a
3098 899 3175 947 se

633 979 1042 1047 extructum,
1096 965 1464 1046 advehenS,
1513 964 1888 1035 honorifice
1937 964 2266 1055 sepelivit.
2310 966 2429 1035 Ubi
2471 966 2674 1035 etiam
2719 963 2959 1035 morbo
3008 986 3174 1054 pro-

634 1058 822 1127 tinus
869 1067 1226 1145 correptus
1259 1109 1275 1134 ,
1327 1054 1969 1211 Archiepiscofatus
2017 1054 2126 1123 sui
2174 1075 2357 1123 anno
2405 1054 2757 1145 trigesimo
2806 1053 3113 1124 secundo
3143 1109 3165 1135 ,

635 1143 909 1235 placida
956 1156 1173 1214 morte
1220 1143 1291 1213 in
1342 1143 1629 1212 Domino
1677 1142 1761 1212 de
1795 1155 2044 1212 unctus
2091 1156 2193 1212 est
2236 1142 2329 1212 *⁴2
2367 1147 2625 1233 Corpus
2673 1141 2929 1212 ibidem
2961 1164 3169 1232 repo-

637 1234 873 1314 situm,
926 1254 1083 1303 cum
1137 1245 1290 1333 post
1323 1231 1824 1322 sexagesimum
1859 1253 2122 1301 annum
2154 1254 2191 1300 e
2225 1244 2400 1301 terra
2436 1231 2794 1313 levaretur,
2834 1253 2913 1301 eo
2949 1253 3173 1301 mem-

633 1322 916 1392 brorum
966 1343 1279 1392 omnium
1330 1320 1573 1390 decore
1620 1342 1700 1390 ac
1751 1321 2040 1390 vestium
2082 1341 2354 1407 quoque
2388 1321 2604 1391 nitore
2644 1321 2998 1389 inventum
3035 1334 3164 1401 est,

634 1425 710 1480 ut
758 1409 875 1479 illo
925 1410 1075 1501 ipso
1122 1409 1234 1478 die
1262 1410 1631 1499 expirasse,
1682 1431 1760 1478 ac
1795 1430 2037 1499 sopore
2070 1410 2319 1498 potiuS,
2358 1431 2563 1496 quam
2604 1423 2817 1478 morte
2851 1407 3173 1494 sepultus

632 1499 999 1569 videretur.
1078 1503 1451 1585 Hucusque
1520 1498 1965 1567 Breviarium.
2037 1498 2479 1587 Manuscripti
2530 1497 2799 1567 codices
2848 1497 3166 1578 addunt,

633 1610 791 1658 eum
853 1587 1227 1658 decessisse
1273 1586 1839 1676 decimoseptimo
1888 1584 2218 1655 Calendas
2284 1585 2721 1666 Novembris;
2792 1585 2913 1655 ubi
2959 1587 3170 1655 etiam

633 1677 802 1746 haec
851 1675 911 1745 le
964 1689 1210 1746 untur:
1265 1675 1550 1757 Quantis
1597 1675 1928 1744 emineret
1976 1674 2237 1744 meritis
2283 1674 2468 1764 apud
2540 1674 2991 1756 Altissimum,
3062 1676 3170 1742 in-

634 1787 927 1834 numera
979 1764 1094 1833 ilia
1144 1775 1210 1832 et
1255 1763 1456 1850 quasi
1506 1763 1800 1844 infinita,
1839 1785 2015 1850 quae
2047 1763 2133 1833 ad
2168 1764 2319 1852 ejus
2359 1763 2761 1832 memoriam
2798 1775 2961 1833 sunt
2992 1762 3164 1831 sacta

634 1852 995 1935 miracula,
1050 1851 1508 1922 declararunt.
1571 1851 1814 1921 Vivens
1860 1852 2042 1920 enim
2098 1852 2496 1932 multorum,
2562 1865 2836 1941 propter
2883 1853 3163 1921 virtutes

638 1956 702 2012 et
751 1942 1030 2022 merita;
1093 1953 1407 2009 mortuus
1454 1962 1611 2010 vero
1641 1995 1657 2022 ,
1713 1960 1883 2031 pene
1931 1953 2335 2010 cunctorum
2377 1995 2392 2021 ‚
2450 1953 2726 2030 propter
2773 1940 3158 2019 miracula,

635 2052 839 2101 aures
885 2043 951 2099 et
1001 2041 1260 2099 mentes
1307 2028 1593 2099 feliciter
1620 2029 1999 2119 occupavit.
2040 2027 2472 2098 Praeclarum
2505 2049 2778 2116 quoque
2815 2042 2939 2108 est,
2977 2028 3165 2115 quod

636 2118 894 2190 ibidem
946 2118 1228 2207 legitur,
1283 2138 1440 2187 eum
1489 2130 1566 2188 ut
1612 2119 1870 2188 bonum
1926 2132 2310 2208 pastorem,
2374 2140 2533 2187 cum
2582 2130 2759 2186 esset
2807 2117 3166 2187 institutus

635 2207 1079 2297 Moguntinus
1130 2205 1427 2294 praesul,
1466 2228 1706 2277 omnes
1755 2207 1931 2276 intra
1982 2228 2179 2275 suam
2229 2204 2594 2275 dioecesim
2626 2206 2790 2275 sitas
2837 2204 3165 2275 ecclesias

637 2310 702 2364 et
746 2294 1159 2365 monasteria
1198 2295 1504 2384 coepisse
1546 2295 1841 2374 visitare,
1896 2308 1961 2364 et
2008 2295 2321 2363 omnium
2372 2315 2596 2365 mores
2635 2295 2705 2363 in
2756 2293 3009 2364 melius
3059 2316 3160 2363 re-

637 2382 966 2453 formare:
1020 2395 1085 2453 et
1131 2406 1291 2453 cum
1345 2383 1608 2474 pridem
1642 2398 1943 2454 caeteros
1972 2382 2108 2453 fide
2135 2395 2201 2452 et
2243 2382 2487 2471 pietate
2518 2395 2929 2472 superasset,
2967 2398 3161 2452 atrox

636 2493 794 2542 cum
847 2471 1079 2541 animo
1129 2493 1254 2543 suo
1302 2473 1593 2563 gessisse
1639 2486 2008 2554 certamen,
2063 2473 2153 2542 ita
2204 2484 2279 2541 ut
2327 2472 2397 2541 in
2445 2470 2594 2542 dies
2628 2471 2852 2561 seipso
2887 2471 3169 2562 religio·

638 2562 800 2642 sior,
847 2574 1049 2648 atque
1097 2561 1166 2630 in
1216 2560 1443 2630 studio
1495 2583 1762 2630 morum
1836 2562 2214 2652 provectior
2253 2561 2641 2633 haberetur.
2696 2561 2998 2647 Denique
3050 2562 3167 2629 mi·

637 2650 951 2719 raculum
1006 2648 1148 2718 illic
1198 2649 1509 2729 habetur,
1563 2648 1744 2737 quod
1797 2661 1940 2718 tum
1995 2662 2457 2739 perpetratum
2507 2662 2630 2730 est,
2670 2671 2829 2718 cum
2877 2660 3029 2739 post
3062 2672 3168 2718 se-

634 2740 1063 2828 xagesimum
1114 2759 1374 2807 annum
1402 2760 1653 2827 corpus
1681 2739 1829 2827 ejus
1869 2760 1905 2806 e
1943 2753 2117 2807 terra
2147 2737 2502 2808 levaretur.
2546 2743 2791 2808 Saxum
2830 2738 3162 2816 immane,

638 2827 908 2898 tumulo
955 2827 1108 2914 ejus
1157 2827 1585 2917 impositum,
1641 2848 1799 2895 cum
1851 2840 2301 2908 amoveretur,
2355 2825 2523 2896 sorte
2559 2848 2810 2895 manus
2844 2826 3020 2916 fugit
3052 2849 3168 2895 vo-

637 2915 1006 2986 lutantium
1056 2915 1256 2997 illud,
1308 2927 1375 2984 et
1434 2915 1663 2984 fratris
1709 2915 2069 3004 cujusdam
2135 2936 2343 3004 prope
2390 2914 2727 2985 adstantis
2778 2915 2871 2983 ita
2921 2913 3165 3004 pedem

635 3005 976 3086 contrivit,
1028 3017 1104 3073 ut
1150 3004 1425 3074 ossibus
1463 3027 1622 3074 cum
1673 3025 1879 3072 carne
1916 3004 2166 3092 pariter
2198 3004 2668 3085 comminutis,
2708 3003 2927 3072 forma
2955 3004 3167 3073 etiam

637 3094 833 3183 pedis
872 3092 1167 3174 amissa,
1219 3092 1493 3162 foedum
1544 3114 1622 3161 ac
1672 3092 2061 3162 miserabile
2111 3092 2579 3181 spectaculum
2632 3093 2983 3181 praeberet
3031 3091 3167 3160 cir-

636 3181 1165 3251 cumstantibus,
1213 3180 1335 3250 Sed
1387 3182 1522 3250 cito
1568 3180 1809 3252 beatus
1858 3180 2096 3251 Lullus
2145 3181 2518 3250 moerentia
2568 3180 2857 3250 fratrum
2893 3193 3173 3269 pectora

637 3269 999 3358 expedivit.
1070 3274 1273 3338 Nocte
1331 3271 1516 3338 enim
1583 3271 1893 3359 proxima
1954 3292 2112 3340 cum
2166 3269 2576 3359 languidum
2627 3291 2833 3361 sopor
2878 3290 3170 3359 oppres-

641 3357 862 3436 sisset,
917 3357 1005 3426 ita
1058 3371 1330 3446 repente
1378 3359 1524 3429 suis
1575 3359 1902 3428 membris
1947 3359 2271 3428 omnibus
2303 3359 2493 3448 vigor
2521 3357 2743 3439 rediit,
2776 3369 2851 3428 ut
2882 3357 3174 3446 hymnis

638 3466 907 3532 quoque
959 3446 1479 3517 matutinalibus
1528 3446 1904 3528 interesset,
1960 3447 2149 3516 nulla
2200 3459 2425 3516 tantae
2472 3446 2886 3516 calamitatis
2935 3468 3024 3515 ne
3071 3448 3173 3515 ci-

639 3534 889 3603 catrice
937 3533 1213 3693 quidetm
1265 3535 1648 3625 superstite.
1733 3539 1821 3604 De
1868 3536 2101 3606 eodem
2154 3536 2348 3605 beato
2397 3535 2715 3606 Praesule
2773 3535 2843 3604 hi
2893 3556 3175 3622 quoque

639 3643 875 3693 versus
921 3636 1116 3691 extan
1178 3645 1192 3689 ε
2364 3655 2377 3669 ·

1141 3768 1409 3828 Antistes
1452 3765 1683 3842 LulluS,
1727 3783 1845 3845 quo
1892 3784 2012 3829 non
2056 3774 2147 3827 est
2188 3769 2451 3827 sanctior
2496 3767 2674 3842 ulluS‚

1139 3845 1376 3906 Pollens
1419 3847 1647 3920 divina,
1696 3848 2003 3908 tribuente
2049 3846 2192 3920 Deo,
2239 3847 2562 3917 medicina,

1137 3924 1412 3986 Occurrit
1454 3924 1708 4000 morbiS,
1755 3934 1820 3987 ut
1866 3935 2022 3987 totus
2064 3926 2366 4004 praedicat
2409 3927 2589 3987 orbiS.

691 4163 716 4188 '⁸¹
746 4161 1035 4208 Germanice,
1082 4165 1291 4212 Hei-eselci
1342 4166 1419 4206 vel
1468 4167 1722 4214 Hirschfeld
1756 4167 1803 4205 in
1838 4167 2005 4206 Bassia
2039 4165 2266 4206 insci-lori.
2306 4167 2364 4207 In
2411 4169 2496 4207 2100
2530 4164 2804 4208 coenobium
2837 4165 2961 4206 idem
2994 4167 3169 4208 Lullus

638 4224 758 4255 anuo
781 4218 870 4260 780,
890 4218 932 4256 S.
958 4215 1180 4262 wigberti
1202 4219 1390 4259 Abbatls
1412 4229 1580 4268 corpus
1600 4219 1851 4261 transferri
1872 4222 2009 4268 atque
2030 4217 2215 4260 humari
2230 4221 2390 4269 jussit.

691 4271 741 4296 ‘¹‘
769 4271 900 4310 Anno
921 4271 996 4310 786
1015 4272 1091 4311 vel
1113 4272 1203 4311 5237.
