3347 4999
661 269 787 335 354
1326 284 1404 330 nn
1452 284 1508 332 s.
1562 282 1876 330 wtwaino
1925 282 2123 331 nrtsc.
2177 283 2361 331 saon.
2437 338 2442 345 ‚
2806 266 2979 333 OCT.
3043 269 3144 334 ⁴2

575 370 1099 451 monasterium,
1132 392 1209 439 ac
1242 368 1544 459 regulari
1575 370 1711 438 vita
1739 369 2061 448 instituit,
2098 369 2392 438 maxime
2420 391 2499 438 ex
2536 369 2643 441 his
2674 392 2848 457 quos
2878 392 3134 440 secum

573 461 953 532 adduxerat
999 458 1372 537 fratribuS‚
1427 457 1605 544 quod
1672 479 1895 544 usque
1957 458 2160 526 hodie
2217 480 2652 528 successores
2699 460 2847 548 ejus
2892 473 3140 530 tenere

577 562 982 621 noscuntur.
1024 553 1187 617 Nam
1242 547 1390 636 ipse
1438 547 1578 615 illis
1631 546 1697 615 in
1744 545 2058 637 partibus
2106 568 2327 616 annos
2364 548 2695 634 quinque,
2735 549 2800 618 id
2844 561 2967 628 est,
3004 572 3139 619 us-

575 662 711 726 que
750 639 832 707 ad
873 650 1159 707 mortem
1197 635 1500 725 Ecgfridi
1542 641 1635 704 Re
1693 635 1771 715 is,
1811 635 2052 705 merito
2086 635 2314 705 omnis
2350 636 2778 706 honorabilis
2814 636 3136 707 officium

576 730 1028 819 Episcopatus
1068 738 1132 795 et
1169 726 1372 795 verbo
1401 746 1635 794 exerce
1689 737 1779 804 at,
1816 737 1879 793 et
1909 746 2134 814 opere.
2175 729 2251 793 Et
2291 726 2619 811 quoniam
2658 725 2754 794 illi
2793 731 2928 796 Rex
2961 750 3138 796 curn

577 816 881 908 praefata
930 815 1063 886 loci
1113 814 1545 903 possessione
1578 834 1843 913 omneS,
1879 815 2000 899 qui
2035 812 2287 881 ibidem
2324 826 2538 894 erant,
2577 814 2931 884 facultates
2961 838 3136 884 cum

578 906 765 997 agris
812 915 877 975 et
923 904 1330 974 hominibus
1369 903 1689 980 donavit,
1742 923 1984 971 omnes
2032 901 2168 971 fide
2217 902 2460 972 Christi
2536 904 2883 973 institutos
2931 903 3139 973 unda

576 994 1016 1085 baptismalis
1064 992 1307 1061 abluit.
1363 996 1547 1060 Inter
1592 1013 1790 1077 quOS,
1837 1011 2066 1062 servos
2113 1003 2175 1060 et
2224 992 2514 1061 ancillas
2563 992 2893 1063 ducentos
2922 993 3138 1079 quin·

578 1083 935 1173 quaginta,
992 1103 1166 1168 quos
1213 1102 1454 1150 omnes
1502 1101 1638 1148 non
1691 1080 1913 1149 solum
1957 1080 2040 1149 ba
2103 1080 2371 1149 tizando
2410 1103 2448 1149 a
2497 1082 2816 1150 servitute
2849 1082 3142 1151 daemo-

583 1174 777 1244 niaca
830 1171 1139 1251 salvavit,
1177 1169 1293 1239 sed
1345 1169 1548 1240 etiam
1604 1168 1984 1238 libertatem
2076 1169 2373 1250 onando,
2408 1168 2754 1239 humanae
2779 1171 2948 1260 jugo
2981 1192 3142 1239 ser-

580 1262 814 1332 vitutis
856 1259 1167 1329 absolvit.

669 1354 705 1439 ξ
751 1355 838 1422 5.
893 1354 1086 1419 Anno
1114 1360 1340 1417 autem
1382 1346 1652 1435 imperii
1695 1345 1973 1415 Hofredi
2011 1358 2281 1431 quarto,
2322 1346 2731 1427 CoenreduS,
2765 1349 2885 1435 qui
2915 1370 2985 1418 re
3038 1371 3139 1419 no

582 1439 990 1511 Met-ciorum
1059 1436 1493 1506 nobilissime
1562 1449 1866 1526 tempore
1915 1433 2269 1521 aliquanto
2318 1436 2706 1526 praefuerat
2740 1490 2754 1513 ,
2824 1438 2983 1507 nobi
3020 1438 3140 1507 ius

580 1528 802 1599 multo
852 1540 1120 1616 sceptra
1165 1525 1360 1614 regni
1411 1523 1713 1610 reliquit.
1754 1529 1918 1592 Nam
1955 1525 2475 1606 venitRomam,
2516 1525 2749 1612 ibique
2787 1538 3134 1607 attonsuS,

580 1616 1064 1688 Pontificatum
1119 1614 1414 1684 habente
1463 1613 1929 1692 ConstantinO,
1969 1634 2048 1680 ac
2079 1614 2464 1682 monachus
2495 1614 2737 1691 sactus,
2773 1614 2854 1683 ad
2888 1614 3136 1684 limina

579 1705 1087 1797 Apostolorum,
1135 1703 1204 1771 in
1247 1701 1595 1794 precibus,
1639 1702 1931 1791 jeiuniis
1979 1713 2044 1770 et
2091 1703 2545 1791 eleemosynis
2579 1725 2801 1790 usque
2831 1703 2915 1771 ad
2943 1703 3134 1772 diem

583 1795 965 1886 permansit
1003 1792 1366 1861 ultimum:
1438 1790 1844 1859 succedente
1908 1790 1974 1857 in
2028 1812 2318 1880 regnum
2373 1790 2715 1862 Coenredo
2762 1791 2907 1861 silio
2952 1791 3136 1861 Edil·

582 1884 752 1964 redi,
801 1883 923 1969 qui
961 1895 1118 1949 ante
1160 1881 1387 1971 ipsum
1419 1878 1839 1948 Coenredum
1880 1878 2058 1948 idem
2104 1902 2391 1981 regnum
2432 1880 2723 1949 tenebat.
2763 1881 2955 1950 Venit
3002 1903 3136 1949 au-

585 1987 715 2041 tem
769 1992 926 2040 cum
982 1968 1102 2038 illo
1150 1984 1217 2038 et
1264 1969 1453 2036 filius
1491 1968 1782 2057 sigheri,
1837 1969 2042 2057 Regis
2091 1969 2537 2038 Or1entalium
2584 1974 2953 2049 Saxonum,
3013 1992 3134 2038 vo-

581 2060 830 2130 cabulo
881 2058 1048 2139 offa,
1094 2058 1370 2143 juvenis
1422 2057 1940 2125 amantissimae
2007 2058 2248 2125 aetatis
2294 2072 2357 2127 et
2399 2060 2771 2129 venustatis
2802 2113 2817 2140 ,
2870 2058 3136 2145 totique

585 2172 749 2219 suae
799 2148 986 2238 genti
1037 2147 1121 2215 ad
1162 2145 1455 2215 tenenda
1487 2145 1960 2232 servandaque
2002 2147 2194 2235 regni
2234 2159 2504 2237 sceptra
2541 2147 3127 2237 exoptatissimus.

585 2239 714 2321 Qui
781 2237 931 2327 pari
992 2236 1242 2304 ductus
1308 2233 1664 2304 devotione
1726 2235 1997 2316 mentiS‚
2065 2235 2341 2322 reliquit
2393 2258 2700 2318 uxorem,
2752 2258 2974 2326 agr05,
3012 2257 3134 2304 co-

584 2339 829 2414 gnatos
864 2338 929 2393 et
962 2325 1254 2415 patriam
1293 2338 1569 2413 propter
1602 2323 1945 2393 Christum
1997 2335 2061 2392 et
2095 2339 2371 2414 propter
2404 2325 2847 2415 Evangelium
2872 2379 2888 2405 ,
2926 2337 3003 2392 ut
3055 2325 3127 2392 in

589 2416 720 2483 hac
776 2415 908 2483 vita
962 2412 1362 2504 centuplum
1409 2413 1552 2482 acci
1609 2425 1789 2492 eret,
1852 2423 1917 2480 et
1974 2414 2041 2480 in
2080 2413 2311 2483 seculo
2346 2426 2629 2483 venturo
2672 2414 2874 2482 vitam
2915 2426 3136 2481 aeter-

589 2526 775 2576 nam.
813 2509 888 2572 Et
924 2504 1073 2593 ipse
1110 2525 1295 2593 erg0,
1340 2502 1458 2572 ubi
1507 2526 1541 2571 a
1647 2502 1792 2571 loca
1828 2515 2062 2571 sancta
2117 2507 2399 2573 Romam
2449 2516 2867 2593 pervenerat,
2905 2514 3132 2572 atton-

585 2616 730 2673 sus,
779 2606 844 2661 et
897 2593 961 2661 in
1011 2591 1415 2661 monachico
1472 2593 1675 2659 vitam
1717 2591 1952 2660 habitu
1987 2592 2365 2681 complens,
2402 2593 2487 2660 ad
2537 2592 2862 2661 visionem
2901 2593 3135 2662 beato-

583 2704 733 2751 rum
774 2681 1251 2772 Apostolorum
1292 2681 1357 2748 in
1396 2681 1605 2750 coelis
1639 2679 1757 2746 diu
1795 2679 2250 2748 desideratam
2290 2681 2614 2769 pervenit.
2673 2681 2924 2749 Eodem
2960 2701 3130 2748 sane

584 2793 791 2851 anno,
831 2793 969 2858 quo
1034 2770 1103 2839 hi
1158 2769 1580 2838 Britanniam
1641 2767 1999 2853 reliquere,
2065 2769 2356 2837 Antistes
2411 2769 2705 2838 eximius
2769 2768 3134 2839 Wilfridus

578 2873 735 2949 post
793 2859 1255 2948 quadraginta
1315 2872 1378 2926 et
1437 2858 1747 2944 quinque
1801 2878 2020 2926 annos
2084 2858 2340 2947 accepti
2401 2858 2876 2947 Episcopatus,
2935 2856 3120 2925 diem

579 2949 834 3018 clausit
882 2962 1263 3017 extremum
1319 2947 1384 3013 in
1440 2945 1818 3035 provincia,
1858 2966 2034 3031 quae
2077 2959 2358 3016 vocatur
2391 2946 2802 3027 Fundalum,
2841 2967 3131 3036 corpus-

582 3060 715 3124 que
763 3038 917 3124 ejus
978 3036 1203 3105 loculo
1272 3034 1592 3103 inditum.
1638 3034 1973 3123 perlatum
2038 3047 2138 3103 est
2191 3035 2256 3103 in
2318 3036 2810 3104 monasterium
2873 3034 3122 3134 ἱρείης,

583 3125 765 3213 quod
822 3125 1079 3194 dicitur
1127 3125 1194 3193 in
1248 3125 1541 3212 Hripum
1579 3123 1634 3203 ⁴³,
1676 3122 1959 3209 etjuxta
2004 3123 2327 3192 honorem
2381 3137 2566 3193 tanto
2613 3124 2918 3212 pontifici
2960 3145 3134 3192 con-

583 3236 862 3304 gruum,
922 3214 989 3281 in
1042 3213 1327 3282 ecclesia
1370 3212 1550 3281 beati
1599 3211 1898 3300 Apostoli
1945 3213 2117 3280 Petri
2156 3212 2531 3301 sepultum.
2577 3217 2664 3281 De
2697 3213 2897 3302 cujus
2937 3223 3129 3280 statu

585 3304 856 3388 vitaque
884 3294 990 3390 (ut
1032 3303 1118 3370 ad
1169 3302 1396 3390 priora
1450 3324 1519 3370 re
1571 3300 1877 3381 edanteS‚
1921 3301 2159 3401 paucis
2206 3322 2383 3387 quae
2411 3313 2600 3391 gesta
2640 3314 2824 3382 sunt,
2863 3320 3132 3369 memo—

584 3390 873 3478 remus),
916 3411 1071 3457 cum
1106 3403 1277 3459 esset
1317 3411 1488 3479 puer
1519 3322 1740 3459 honae
1772 3388 2001 3470 idolis,
2041 3403 2244 3476 atque
2273 3403 2556 3458 aetatem
2593 3389 2902 3459 moribus
2936 3401 3131 3456 tran-

581 3480 769 3548 siens
800 3532 814 3553 ,
868 3478 964 3546 ita
1024 3499 1096 3546 se
1145 3479 1448 3548 modeste
1502 3491 1567 3547 et
1635 3479 2133 3568 circumspecte
2181 3478 2250 3547 in
2300 3479 2625 3547 omnibus
2674 3479 2991 3568 gerebat,
3047 3492 3130 3547 ut

584 3567 827 3637 merito
876 3590 915 3636 a
966 3565 1348 3654 majoribus
1396 3567 1594 3653 quasi
1646 3589 1832 3635 unus
1861 3589 1940 3635 ex
1978 3567 2148 3657 ipsis
2177 3579 2524 3636 amaretur
2562 3580 2625 3636 et
2661 3578 3124 3636 veneraretur.

586 3655 714 3725 Ubi
758 3678 916 3725 vero
961 3656 1642 3741 quartumdecimum
1697 3657 1934 3724 aetatis
1982 3657 2269 3747 contigit
2319 3678 2606 3736 annum,
2670 3655 3126 3726 monasticam

583 3744 881 3814 seculari
931 3745 1134 3813 vitam
1242 3744 1534 3813 raetulit.
1593 3744 1782 3826 Quod
1836 3745 1956 3814 ubi
2009 3748 2184 3835 patri
2234 3767 2358 3813 suo
2400 3745 2701 3814 narravit
2731 3746 2900 3835 (Jam
2936 3744 3125 3812 enim

584 3847 800 3903 mater
832 3834 1144 3922 obierat),
1186 3768 1479 3904 libenter
1511 3834 1661 3922 ejus
1695 3833 1864 3902 votis
1899 3856 1977 3902 ac
2011 3834 2374 3903 desideriis
2406 3833 2817 3903 coelestibus
2848 3833 3128 3912 annuit,

581 3945 882 4010 eumque
917 3924 1176 4011 coeptis
1212 3924 1527 3991 insistere
1567 3921 1991 3991 salutaribus
2018 3924 2247 4010 jussit.
2289 3923 2481 3991 Venit
2506 3945 2667 4012 ergo
2703 3923 2784 3992 ad
2819 3921 3126 3991 insulam

578 4011 1249 4092 Lindisfarnensem,
1296 4012 1529 4099 ibique
1581 4012 2078 4081 monachorum
2137 4011 2502 4081 famulatui
2554 4035 2625 4080 se
2677 4011 3119 4088 contradens,

579 4100 949 4189 diligenter
996 4124 1073 4169 ea
1123 4123 1298 4188 quae
1349 4103 1769 4170 monasticae
1826 4100 2159 4172 castitatis
2207 4123 2285 4170 ac
2328 4101 2598 4190 pietatis
2645 4113 2861 4180 erant,
2913 4095 2980 4168 et'
3029 4099 3129 4168 di·

581 4211 769 4258 scere
818 4190 1103 4258 curabat
1138 4204 1201 4258 et
1240 4213 1462 4280 agere.
1503 4196 1577 4259 Et
1611 4191 1772 4276 quia
1806 4191 1984 4258 acris
2017 4204 2159 4258 erat
2194 4190 2476 4280 ingenii,
2522 4189 2763 4258 didicit
2794 4189 3134 4258 citissime

578 4278 995 4368 psalmos·et
1043 4279 1305 4365 aliquot
1352 4279 1645 4360 codiceS,
1702 4279 1993 4348 necdum
2038 4280 2314 4366 quidem
2361 4292 2696 4370 attonsus,
2740 4299 2973 4348 verum
3015 4277 3140 4346 his.

628 4406 650 4428 ¹
677 4405 868 4456 Anglice
890 4406 1070 4456 h'iJvart,
1090 4416 1254 4455 parum
1276 4406 1411 4455 longe
1433 4416 1459 4445 a
1477 4407 1611 4446 ἴοι-ὲ.
