3347 4999
741 289 871 354 732
2877 291 3047 358 ocr.
3096 294 3162 358 28

1121 480 1472 560 SERMO
1525 480 2189 559 MEGINHARDI
2244 479 2717 560 MONAGHI

1298 687 1424 789 DE
1489 688 1570 788 S.
1640 685 2160 789 FERRUTIO
2231 688 2541 788 MART.

834 921 1209 970 BABB'I'UR
1274 921 1348 969 {N
1412 920 1809 978 ANrtouts
1872 919 2478 969 uANUscntt’Tls
2538 919 3001 969 conlcanS.

1006 1100 1149 1158 Sec.
1174 1100 1258 1167 V,
1288 1103 1369 1155 ut
1396 1098 1687 1166 videtur,
1715 1098 2026 1167 martyrii
2050 1098 2274 1167 gloria
2312 1100 2677 1156 decoratus
2704 1102 2830 1156 eet.

911 1300 1341 1368 PROLOGUS
1386 1300 1787 1367 AUCTORIS
1835 1301 1936 1365 At)
1977 1300 2470 1367 ADELGERUM
2521 1301 2919 1367 ΑΒΒΑΤΕΜ.

741 1457 1029 1528 Domino
1075 1458 1401 1548 Adelgero
1460 1480 1622 1527 cum
1689 1479 1894 1547 grege
1954 1457 2087 1526 sibi
2151 1457 2446 1539 credito,
2509 1456 3007 1546 meginhardus
3055 1458 3181 1528 exi-

648 1570 856 1640 guuS,
893 1568 1096 1616 omne
1142 1546 1382 1617 datum
1430 1547 1796 1634 optimum,
1847 1545 2274 1617 descendens
2321 1570 2359 1615 a
2414 1559 2602 1635 patre
2652 1547 3035 1616 luminum.
3069 1553 3180 1616 Ju-

649 1650 757 1706 xta
811 1634 1084 1705 laudem
1142 1637 1518 1726 sapientiae
1580 1636 1975 1717 veridicam,
2037 1635 2159 1722 qui
2224 1636 2570 1726 propriam
2608 1636 2795 1705 novit
2840 1635 3180 1705 occultare

648 1724 1036 1805 stultitiam,
1091 1746 1286 1794 suam
1345 1737 1638 1813 praestat
1684 1724 2130 1794 abscondenti
2178 1726 2561 1794 scientiam.
2619 1723 2807 1793 Unde
2856 1746 3069 1813 saepe
3100 1747 3180 1794 ro-
3246 1757 3251 1766 ·

650 1815 792 1906 gati
851 1815 916 1882 in
973 1812 1247 1883 laudem
1298 1814 1517 1882 sancti
1568 1813 1853 1882 Ferrutii
1900 1813 2178 1902 scriptis
2224 1813 2488 1899 aliquid
2526 1812 2749 1890 edere,
2808 1813 3183 1883 maluimus
3294 1893 3295 1898 ἵ

652 1902 921 1974 silendo
979 1901 1208 1983 latere,
1261 1924 1467 1988 quam
1520 1902 1749 2002 palam
1805 1901 2328 1972 subsannationi
2382 1923 2604 2058 nugas
2652 1901 3036 1991 promendo
3074 1924 3181 1990 pa-

655 2005 815 2061 tere.
870 1997 1098 2077 Neque
1128 1991 1311 2060 enim
1367 1990 1732 2060 minimum
1787 2012 1911 2059 nos
1960 1989 2077 2058 illa
2110 1990 2420 2060 Tulliana
2519 1989 2881 2060 eclamatio
2916 1992 3181 2066 terruit.

651 2102 830 2166 quae
862 2080 1129 2169 tepidos
1168 2081 1267 2150 sic
1299 2101 1588 2170 carpens
1622 2079 1989 2168 scriptores
2037 2080 2373 2148 intonuit:
2411 2081 2733 2149 Mandare
2778 2102 3186 2170 quemquam

653 2171 897 2237 litteris
958 2170 1389 2258 coqitaliones
1444 2190 1626 2245 suas,
1681 2170 1802 2258 qui
1858 2190 1972 2237 eas
2033 2192 2149 2236 nec
2214 2168 2581 2258 disponere,
2658 2191 2775 2237 nec
2831 2171 3187 2238 illustrare

650 2258 880 2348 possit,
925 2279 1044 2325 nec
1091 2257 1525 2326 delectatione
1571 2259 1811 2347 aliqua
1854 2259 2130 2325 allicere
2179 2260 2508 2337 lectorem,
2579 2258 2865 2327 hominis
2925 2268 3021 2326 est
3086 2259 3183 2327 in-

650 2355 1097 2434 temperanter
1124 2346 1455 2414 abutentis
1485 2357 1547 2415 et
1580 2348 1711 2414 otio
1741 2356 1803 2414 et
1838 2347 2080 2414 litteris
2114 2346 2169 2413 *.
2215 2345 2483 2415 Diutina
2531 2346 2873 2433 siquidem
2924 2345 3181 2415 delibe—

651 2434 911 2504 ratione
981 2433 1415 2514 ssuctuantes,
1489 2454 1888 2505 vacaremus
1950 2456 2069 2514 ne,
2137 2456 2224 2503 an
2292 2433 2803 2514 scriberemus»,
2870 2435 3186 2506 effectiva

651 2523 926 2593 tandem
979 2523 1096 2592 illa
1144 2522 1442 2592 charitas
1492 2523 1672 2602 vicit,
1734 2544 1911 2609 quae
1974 2544 2110 2591 non
2162 2522 2296 2592 nisi
2358 2522 2706 2611 operando
2752 2522 3029 2595 ardoris
3078 2525 3185 2594 sui

648 2613 969 2682 flammas
1027 2633 1295 2680 exerere
1364 2611 1570 2680 novit.
1622 2612 1753 2693 Qui
1817 2632 1971 2679 vero
2019 2633 2146 2680 nos
2209 2611 2455 2680 tantilli
2509 2634 2628 2701 per
2672 2612 3188 2683 subarescentis

648 2700 901 2771 stillam
955 2700 1182 2778 rivuli,
1216 2699 1586 2787 quicquam
1640 2720 1763 2768 nos
1813 2713 2155 2788 praestare
2206 2716 2526 2789 putemus
2560 2700 2886 2770 fluctibus
2934 2701 3182 2783 Rheni.

646 2790 769 2877 qui
817 2788 1146 2877 quicquid
1198 2794 1442 2858 natura
1504 2788 1918 2877 pretiosum,
1968 2786 2298 2875 quicquid
2361 2789 2741 2857 moralitate
2802 2789 3187 2871 decorum,

650 2878 979 2966 quicquid
1056 2879 1313 2946 ratione
1389 2876 1829 2966 splendidum
1906 2876 2212 2947 mundus
2285 2876 2941 2966 quadrangulariter
3015 2894 3191 2948 teres

648 2990 943 3054 usquam
984 2966 1386 3035 mortalibus
1417 2966 1628 3045 effert,
1663 2965 1860 3035 divae
1892 2964 2201 3035 tumidus
2236 2977 2449 3034 totum
2496 2967 2885 3056 moguntiae
2914 2966 2987 3001 *⁴*
3017 2989 3186 3037 con·

649 3055 825 3124 sert‘?
868 3055 1257 3125 Ambrosios
1288 3054 1469 3122 enim
1520 3055 1783 3143 gremio
1828 3053 2158 3136 confovet,
2209 3054 2331 3141 qui
2378 3052 2691 3124 divinum
2730 3056 2985 3125 vertice
3017 3056 3192 3126 mel-

650 3143 824 3214 liflui
894 3144 1187 3213 nectaris
1246 3142 1521 3211 odorem
1595 3142 1983 3233 adspirent;
2035 3143 2487 3233 Augustinos‚
2549 3142 2679 3229 ‚qui
2747 3143 3187 3215 divinitatem

650 3234 826 3301 inter
872 3231 1234 3301 Cherubim
1286 3230 1731 3319 speculando,
1790 3232 1982 3299 miris
2013 3232 2312 3301 armaria
2356 3231 2752 3302 tractatibus
2791 3231 3185 3324 adaugent:

648 3320 1032 3410 GregorioS,
1084 3322 1202 3406 qui
1243 3320 1429 3389 verbi
1478 3319 1693 3388 divini
1747 3320 1997 3410 pabula
2037 3319 2560 3408 vigilantissime
2611 3321 3073 3402 ruminantes,
3120 3323 3185 3391 in

650 3409 1141 3498 promptuariis
1176 3430 1252 3478 ex
1283 3408 1411 3478 boc
1445 3408 1510 3476 in
1550 3408 1721 3478 illud
1769 3409 2314 3489 eructuantibus,
2366 3421 2751 3498 opportune
2802 3411 3191 3499 promendo

652 3496 1047 3568 recondant.
1084 3498 1187 3567 Ibi
1236 3497 1386 3566 sons
1437 3496 1955 3586 philosophicus
2021 3511 2213 3585 prata
2279 3498 2562 3566 virentia
2638 3499 2802 3567 rivis
2880 3501 3193 3589 septenis

652 3585 968 3666 inundat,
1014 3587 1361 3675 gratisque
1393 3599 1697 3675 potentes
1733 3584 2099 3654 dulcedine
2134 3586 2306 3654 terni
2342 3587 2611 3674 saporis
2636 3586 2956 3656 inebriat.
3002 3587 3196 3658 Unde

651 3676 1060 3766 suppliciter
1105 3675 1560 3764 imploramus
1613 3674 1944 3745 culminis
1991 3673 2474 3743 celsitudinem
2543 3676 2786 3756 vestri,
2847 3691 3199 3763 quatenus

654 3766 832 3835 inter
876 3786 1083 3834 aurea
1131 3784 1604 3854 gemmeaque‚
1654 3763 1912 3850 quibus
1980 3762 2385 3844 abundatis,
2445 3764 2847 3851 poculorum
2908 3786 3188 3853 genera,

651 3856 956 3925 craterae
1002 3852 1155 3921 vilis
1206 3852 1303 3922 vel
1353 3865 1632 3942 gustum
1687 3873 1820 3920 non
1887 3851 2402 3941 dedignemini,
2457 3851 2930 3939 fraternaeque
2990 3872 3193 3921 men-

658 3943 742 4012 tis
803 3940 1341 4021 munusculum,
1413 3940 1825 4011 humilitatis
1894 3940 2132 4010 saltem
2202 3940 2422 4029 gratia
2484 3963 2620 4010 non
2695 3939 3193 4032 aspernemini.

657 4031 783 4101 Sed
830 4053 986 4101 ecce
1033 4029 1201 4099 dum
1249 4051 1459 4118 supra
1511 4029 1687 4098 vires
1732 4050 2109 4110 conamur,
2155 4030 2285 4098 sub
2332 4051 2540 4099 onere
2590 4029 2889 4099 labimur
2918 4082 2935 4111 ,
2986 4044 3055 4099 et
3101 4030 3197 4099 ad

715 4210 741 4237 ⁸
769 4210 825 4249 In
846 4211 873 4250 1
887 4211 1056 4250 Tau-ul.
1075 4211 1246 4258 Quaene.

710 4263 764 4290 ⁸*
796 4264 1013 4311 May-muta
1045 4260 1120 4302 vel
1161 4262 1390 4312 Moqoneea.
1421 4271 1564 4312 germ.
1602 4262 1765 4306 Maiae,
1800 4261 1898 4302 ital.
1942 4262 2169 4311 uuquam,
2202 4259 2498 4303 nobilissime
2524 4261 2801 4302 Germaniae
2830 4262 2964 4308 urbe.
2983 4262 3204 4307 numo.

654 4315 816 4356 decem
851 4324 999 4355 onnon
1029 4319 1143 4355 ante
1175 4317 1226 4356 x.
1259 4316 1312 4355 Ν.
1340 4316 1549 4361 fundens.
1576 4320 1720 4366 utque
1740 4325 1767 4354 ι
1783 4313 1977 4355 Francis
2005 4314 2224 4363 Regibus.
2241 4314 2441 4357 maxime
2462 4327 2488 4354 ι
2506 4316 2676 4356 carolo
2694 4316 2878 4363 unguo.
2895 4325 3203 4365 summopere

657 4369 890 4419 smpttata.
908 4369 1228 4418 aedificii-que
1248 4370 1492 4409 instructo.
1518 4370 1632 4409 Eam
1659 4367 1893 4419 dignittte
1920 4369 2305 4419 archiepiscopati
2333 4367 2577 4409 exornavit
2610 4369 2652 4409 8.
2684 4366 2970 4409 Bonis-ciue.
3001 4370 3205 4414 Ibidem·

656 4422 832 4462 neonus
851 4418 1039 4471 elapsio.
1055 4422 1195 4470 plur·
1214 4422 1414 4462 conctlit
1431 4423 1743 4471 provinciana
1761 4424 1874 4462 eunt
1893 4423 2127 4463 celebrata
2147 4423 2302 4473 magni
2322 4422 2542 4473 ponderis
2562 4426 2610 4461 et
2629 4423 2868 4463 momenti.
