3347 4999
650 318 777 382 302
1238 335 1315 380 ns
1364 334 1416 381 s.
1473 332 1781 380 innovico
1830 332 2196 379 annrnmno
2244 298 2425 380 coxa.
2839 314 3013 381 OCT.
3077 319 3133 382 9

563 420 863 490 sentiens
912 440 983 487 se
1032 417 1362 508 paulatim
1416 417 1733 499 deficere,
1790 419 2221 486 assistentem
2274 438 2352 485 ex
2407 438 2594 486 more
2645 417 3129 507 patriarcham

565 532 687 601 pro
738 507 1169 597 impetranda
1205 505 1687 575 benedictione
1734 518 1798 575 et
1832 506 2047 575 sancti
2089 511 2267 573 Evan
2324 504 2439 574 elii
2468 505 2756 575 lectione
2792 521 3129 597 precatus

561 611 682 667 est.
745 596 933 679 Quod
988 595 1510 664 amantissimus
1560 596 1844 664 antistes
1893 595 2243 665 uberrime
2323 616 2693 683 acrymans
2746 597 3121 685 praestitit.

563 694 867 771 Cumque
914 684 1534 753 commendationis
1569 684 1843 752 animae
1882 683 2078 773 juxta
2131 683 2238 751 sui
2279 682 2555 753 Ordinis
2606 684 2816 754 ritum
2873 707 3126 774 preces

565 773 1136 865 persolverentur,
1175 773 1257 841 ad
1297 772 1412 840 illa
1440 773 1682 841 verba:
1715 795 1749 837 «
1775 785 1850 841 ut
1881 771 2172 841 vinculis
2211 773 2441 840 carnis
2473 784 2720 842 exutus
2757 775 3125 863 pervenire

560 875 906 931 mereatur
953 861 1034 930 ad
1089 861 1376 950 gloriam
1432 861 1626 951 regni
1678 861 2012 938 coelestiS,
2088 872 2472 948 praestante
2522 862 2810 930 Domino
2878 878 3126 932 nostro

557 952 717 1021 ,lesu
769 951 1056 1030 Christ0,
1104 972 1138 1015 »
1182 950 1504 1039 spiritum
1559 971 1762 1019 suum
1819 950 1884 1017 in
1943 970 2190 1017 manus
2248 950 2464 1018 Patris
2521 949 2821 1019 vinculis
2877 952 3123 1022 carnis

559 1038 955 1110 absolutum
1007 1038 1538 1117 commendavit,
1575 1061 1662 1106 v11
1714 1037 1873 1108 idus
1921 1039 2254 1117 OctobriS,
2293 1059 2474 1107 anno
2526 1053 2876 1128 reparatae
2920 1039 3123 1109 salu-

562 1130 648 1199 tis
683 1151 982 1207 anxxxl,
1026 1127 1265 1196 aetatis
1300 1149 1463 1195 suae
1499 1149 1609 1204 ιη
1647 1147 1864 1213 eoque
1912 1126 2241 1215 temporis
2294 1140 2637 1196 momento
2687 1129 2831 1196 visa
2880 1142 2980 1198 est
3027 1151 3120 1199 ex

559 1219 714 1305 ejus
763 1239 877 1285 ore
929 1218 1044 1286 lux
1094 1216 1311 1285 instar
1344 1215 1642 1305 fulguris
1686 1220 1863 1285 recta
1899 1215 1966 1282 in
2020 1214 2244 1284 coelos
2282 1216 2586 1284 evibrata
2623 1229 2825 1285 totam
2860 1217 3119 1287 cellam

561 1307 984 1386 illuminare,
1041 1317 1106 1374 et
1139 1325 1348 1395 supra
1398 1317 1809 1372 conventum
1862 1303 2098 1372 divina
2143 1305 2421 1374 claritas
2461 1303 2675 1373 fulsit.
2713 1306 2891 1387 Quin
2931 1317 2995 1375 et
3030 1305 3109 1374 in

560 1395 849 1465 ecclesia
901 1395 1161 1484 pluries
1213 1393 1495 1462 militiae
1556 1392 1869 1461 coelestis
1918 1392 2253 1462 armonici
2304 1404 2681 1462 concentus
2731 1417 2767 1463 a
2817 1394 3117 1466 diversis

559 1485 774 1553 auditi
826 1496 1008 1562 sunt,
1062 1495 1126 1551 et
1167 1482 1488 1583 pluribus
1530 1481 1687 1550 aliis
1736 1481 1956 1571 signis
1989 1482 2161 1549 servi
2203 1482 2310 1551 sui
2345 1480 2632 1571 gloriam
2670 1484 3117 1572 omnipotens

560 1579 737 1641 Deus
781 1587 1005 1642 notam
1059 1571 1239 1651 fecit,
1279 1571 1532 1656 quibus
1578 1569 1856 1659 publica
1908 1570 2144 1660 populi
2194 1571 2538 1639 veneratio
2587 1572 2944 1661 successit,
2978 1577 3117 1640 Lu-

560 1662 879 1730 dovicum
922 1661 1231 1746 undique
1274 1663 1596 1727 Sanctum
1671 1658 2187 1747 proclamantis,
2231 1672 2296 1729 et
2342 1659 2650 1728 certatim
2703 1660 2978 1729 coronis
3028 1682 3113 1729 ac

561 1750 841 1820 rosariis
908 1771 1180 1819 sacrum
1223 1748 1532 1836 corporis
1602 1749 1855 1837 pignus
1905 1748 2237 1838 attingere
2304 1748 2657 1817 tentantis:
2713 1748 3116 1818 misericor-

559 1838 742 1907 diam
794 1840 976 1906 enim
1020 1860 1057 1905 a
1114 1836 1394 1904 Domino
1442 1857 1521 1904 ac
1569 1836 1802 1904 divina
1850 1858 2327 1923 quaecumque
2378 1836 2709 1905 beneficia
2758 1859 2831 1906 se
2868 1837 3113 1907 obten-

566 1940 756 1997 turos
790 1948 1030 1997 omnes
1080 1924 1471 2013 sperabant,
1526 1924 1579 1992 si
1632 1946 1789 1993 eum
1842 1924 2022 2014 apud
2091 1924 2393 1993 divinam
2456 1925 2892 1994 clementiam
2950 1948 3110 2016 pro-

562 2028 884 2085 tectorem
918 2028 982 2083 et
1031 2014 1433 2082 advocatum
1472 2012 1778 2082 obtinere
1818 2013 2009 2103 digni
2054 2012 2294 2082 forent.

651 2113 687 2185 ἓ
737 2109 889 2174 23.
970 2102 1092 2171 His
1160 2102 1445 2171 accessit
1495 2101 1822 2170 Altissimi
1871 2124 2034 2193 erga
2082 2123 2288 2171 suum
2340 2125 2612 2172 servum
2666 2102 3102 2183 assistentia:

561 2194 654 2262 ita
703 2207 778 2262 ut
824 2191 976 2279 ejus
1025 2190 1568 2279 suffragantibus
1620 2191 1903 2272 meritiS,
1957 2205 2020 2259 et
2072 2191 2328 2272 vivenS,
2367 2203 2432 2259 et
2468 2203 2619 2279 post
2650 2192 2942 2271 obitum,
2984 2213 3108 2280 po-

561 2281 747 2370 pulis
799 2281 863 2347 in
920 2279 1439 2348 necessitatibus
1492 2300 1609 2367 per
1655 2301 1863 2366 opera
1930 2280 2100 2347 mira
2150 2293 2213 2349 et
2256 2279 2606 2369 prodigia,
2646 2280 2904 2367 quibus
2955 2280 3103 2370 ipse

562 2375 740 2438 Deus
793 2369 858 2436 in
913 2368 1176 2436 Sanctis
1227 2369 1372 2437 suis
1425 2367 1763 2437 mirabilis
1803 2368 2254 2458 dignoscitur,
2374 2381 2661 2437 rotector
2707 2381 2772 2438 et
2828 2368 3106 2457 adjutor

562 2479 835 2547 semper
882 2456 1194 2527 extiterit.
1249 2462 1341 2525 Ex
1414 2456 1849 2546 processibus
1919 2456 2102 2527 enim
2174 2458 2524 2536 conectis,
2586 2468 2650 2527 et
2710 2458 2794 2526 ad
2850 2457 3101 2528 Urbem

561 2547 1021 2627 transmissis,
1075 2569 1152 2615 ac
1201 2545 1358 2614 aliis
1404 2546 1806 2614 auctoritate
1865 2545 2239 2635 apostolica
2304 2546 2828 2618 beatificationis
2878 2560 2944 2616 et
2992 2570 3104 2616 ca·

563 2635 1024 2706 nonizationis
1070 2636 1223 2723 ejus
1261 2655 1545 2704 causam
1596 2634 2125 2724 respicientibus
2156 2689 2171 2716 ,
2226 2636 2670 2726 congregatio
2734 2640 3102 2706 Sacrorum

564 2726 850 2795 Rituum
893 2725 1163 2794 censuit
1200 2736 1535 2804 constare,
1594 2745 1726 2792 non
1777 2723 1997 2793 solum
2035 2724 2120 2792 de
2170 2722 2446 2793 illorum
2501 2723 2843 2794 validitate
2907 2737 2973 2793 et
3019 2725 3104 2793 de

562 2813 746 2884 fama
797 2813 1224 2892 sanctitatiS‚
1276 2812 1496 2899 deque
1539 2811 1906 2882 virtutibus
1949 2811 2349 2902 theologicis
2395 2824 2458 2881 et
2505 2812 2987 2883 cardinalibus
3027 2814 3098 2882 in

561 2903 780 3004 gradu
829 2903 1125 2982 heroicO,
1184 2923 1417 2970 verum
1469 2902 1675 2970 etiam
1738 2900 2227 2970 concludentes
2279 2902 2711 2990 probationes
2751 2903 3103 2972 continere

560 2992 941 3082 insignium
982 2990 1474 3059 miraculorum
1527 2989 1838 3080 ejusdem
1890 3002 2023 3058 tam
2065 2990 2349 3059 viventis
2397 3011 2604 3076 quam
2647 2989 2982 3060 defuncti.

647 3084 860 3169 §240
888 3085 1051 3150 Cum
1094 3079 1276 3149 enim
1313 3090 1488 3148 esset
1522 3079 1707 3168 prior
1744 3077 2109 3158 Albavdae,
2149 3079 2536 3167 pastoribus
2566 3080 3100 3149 accendentibus

560 3169 582 3238 i
638 3191 818 3249 nem,
877 3182 1232 3238 ventorum
1278 3166 1337 3234 vi
1389 3167 1693 3237 irruente
1724 3221 1739 3248 ‚
1793 3178 1858 3235 et
1906 3150 2187 3236 flamma
2239 3181 2754 3248 succrescente,
2791 3169 2935 3257 jam
2985 3190 3100 3236 ar·-

608 3257 883 3324 entibus
931 3257 1297 3326 arboribus
1326 3256 1391 3322 in
1427 3256 1646 3327 vineis
1684 3269 1747 3326 et
1783 3255 2075 3336 frutetis,
2119 3278 2445 3346 magnum
2481 3255 2917 3325 excitandum
2949 3277 3098 3326 esse

562 3344 647 3414 ad
698 3344 1228 3413 destructionem
1286 3344 1510 3432 ignem
1562 3345 1978 3424 timebatur,
2035 3365 2170 3413 non
2221 3346 2369 3413 sine
2420 3367 2669 3435 magno
2718 3356 3096 3416 conventus

561 3433 992 3502 detrimento,
1045 3433 1352 3501 Accurrit
1401 3433 1503 3500 vir
1551 3435 1689 3514 Dei,
1744 3446 1808 3503 et
1854 3433 2133 3503 elevatis
2180 3432 2400 3504 oculis
2450 3434 2517 3503 in
2568 3433 2862 3513 coelum,
2899 3435 3096 3523 signo

560 3523 788 3591 crucis
845 3521 1196 3590 flammam
1258 3520 1620 3602 benedixit,
1688 3544 1863 3608 quae
1914 3521 2099 3591 illico
2145 3523 2443 3603 evanuit,
2499 3546 2577 3591 ac
2629 3524 2686 3591 si
2738 3543 3095 3609 nunquam

561 3610 655 3679 ibi
693 3608 972 3692 fuisset;
1016 3608 1293 3679 eaedem
1336 3610 1638 3692 arboreS‚
1686 3611 1908 3680 laesae
1955 3610 2204 3699 exigua
2238 3610 2460 3679 solum
2498 3610 2677 3680 linea
2715 3612 2780 3679 in
2814 3612 3094 3701 signum

564 3698 881 3767 miraculi
922 3711 1316 3788 apparente,
1363 3698 1708 3769 immunes
1757 3700 1842 3768 ab
1883 3699 2244 3769 adustione
2277 3700 2460 3768 visae
2508 3713 2670 3769 sunt
2702 3721 3091 3780 remanere;

561 3787 930 3857 Moncadae
980 3789 1046 3857 in
1113 3789 1316 3857 domo
1362 3787 1644 3876 Josephi
1707 3811 1747 3857 a
1814 3793 2066 3879 Campo
2115 3789 2337 3878 neptis
2407 3788 2697 3877 hospitis
2760 3793 3098 3878 Speranza

561 3876 868 3947 Assentia
918 3877 1098 3946 dicta
1148 3877 1234 3946 ab
1280 3875 1535 3945 exitiali
1588 3880 1851 3947 struma
1886 3878 1959 3952 in,
1990 3875 2165 3947 collo
2195 3876 2442 3946 afflicta
2469 3900 2626 3947 cum
2663 3877 2911 3947 foetore
2940 3877 3097 3947 hor·

560 3965 773 4035 rendo
803 3987 879 4034 ex
914 3966 1264 4035 ulceribus
1301 3979 1643 4046 manante,
1680 3987 1810 4035 non
1847 3965 2071 4035 solum
2104 3965 2714 4037 circumstantibus
2746 3966 2863 4035 sed
2890 3968 3094 4036 etiam

562 4054 838 4144 ipsimet
885 4055 1200 4124 infirmae
1248 4053 1688 4136 intolerabili,
1730 4054 1906 4124 sacto
1955 4055 2154 4144 signo
2204 4054 2437 4124 Crucis
2485 4077 2696 4145 super
2746 4067 2934 4145 parte
2993 4054 3095 4124 af-

562 4142 755 4223 fecta,
812 4155 876 4212 et
924 4143 1161 4233 lingua
1214 4143 1409 4212 linita
1457 4164 1497 4210 a
1544 4142 1726 4213 dicto
1776 4145 1972 4212 beato
2031 4142 2372 4213 Ludovico
2422 4144 2628 4213 veluti
2676 4166 2716 4212 a
2777 4143 3094 4214 sensibus

561 4232 879 4390 alilenatQ
933 4248 998 4302 et
1044 4233 1214 4302 facie
1252 4230 1405 4320 ejus
1455 4231 1609 4302 luce
1642 4231 1909 4322 fulgida
1958 4246 2384 4313 remanente,
2423 4233 2650 4303 statim
2686 4253 2891 4322 aegra
2928 4254 3096 4302 con-

563 4344 644 4390 va
679 4333 802 4391 uit.

652 4418 690 4493 ἓ
731 4414 876 4482 25.
927 4409 1223 4481 Cadaver
1279 4407 1501 4499 ipsius
1533 4410 1835 4498 quadam
1890 4409 2102 4481 veluti
2151 4409 2602 4500 chrystallina
2655 4408 2949 4500 puritate
2998 4409 3099 4482 sic
