3347 4999
679 354 806 418 268
1039 382 1046 389 ·
1474 370 1552 415 nt:
1600 370 1655 416 s.
1710 368 1998 416 masma
2046 370 2237 417 vinna
2853 351 3027 418 OCT.
3082 355 3123 419 8

585 456 932 548 precibus,
973 466 1116 524 tum
1152 452 1484 542 exemplis
1532 453 1702 534 suis,
1747 475 1904 523 eum
1941 453 2025 523 ad
2072 467 2435 544 perpetuae
2482 454 2943 524 continentiae
2977 468 3121 524 stu-

588 546 782 616 dium
828 543 1164 632 perduxit.
1219 547 1524 629 Cumque
1573 554 1803 612 votum
1869 541 1982 612 ille
2023 555 2491 632 nuncupasset
2539 549 2694 624 Dec),
2738 543 2921 630 quod
2975 566 3119 614 mo-

591 633 932 705 nasticum
985 631 1180 702 vellet
1213 631 1480 701 vivendi
1520 653 1738 722 genus
1771 633 2096 722 arripere,
2135 646 2390 721 septem
2434 632 2668 704 liberis
2717 632 3114 721 procreatis,

586 724 708 794 diu
758 734 1017 791 servata
1081 721 1535 801 continentia,
1591 720 1658 788 in
1727 721 2141 790 monasterio
2187 719 2487 791 Alvastra
2549 721 2825 792 Ordinis
2874 722 3123 792 Cister-

553 810 862 894 „ciensiffi
915 809 1202 880 feliciter
1260 832 1298 878 a
1351 810 1483 879 vita
1530 808 1843 879 decessit.
1916 815 2008 879 Eo
2055 808 2412 890 defunctO,
2466 822 2701 880 sancta
2755 822 2820 879 et
2869 810 3123 901 pudica

588 912 899 970 matrona
950 898 1036 969 ad
1108 897 1449 969 secundas
1488 898 1769 987 nuptias
1817 920 1951 967 non
2010 900 2322 979 accessit,
2376 899 2490 969 sed
2544 899 2806 969 mundo
2873 897 3123 968 valefa-

584 990 796 1068 ciens,
849 986 1295 1057 facultatibus
1342 987 1486 1058 suis
1527 987 1705 1056 inter
1755 987 1976 1075 proles
2009 987 2422 1068 distributiS,
2464 986 2775 1057 habitum
2832 988 3124 1057 mutavit

587 1091 651 1148 et
700 1078 933 1146 vitam.
988 1075 1279 1147 Fecisset
1318 1089 1543 1145 autem
1578 1075 1863 1163 majora,
1912 1076 2044 1146 nisi
2080 1076 2501 1168 peregrinari
2549 1075 2882 1147 divinitus
2919 1076 3124 1166 jussa

585 1167 849 1236 fuisset.
886 1165 1181 1236 Vidisses
1229 1164 1478 1234 deinde
1503 1187 1652 1234 eam
1695 1186 1822 1234 ceu
1870 1163 2149 1235 alteram
2186 1165 2452 1243 Judith,
2506 1166 2751 1236 virtute
2789 1166 3121 1235 castitatis

585 1256 957 1345 insignem,
1012 1276 1172 1344 erga
1204 1253 1587 1343 proximum
1628 1252 2028 1332 officiosam,
2069 1254 2251 1342 piam
2302 1275 2465 1344 erga
2515 1258 2754 1339 Deum3
2788 1267 2852 1324 et
2876 1276 3123 1342 quem-

587 1343 960 1414 admodum
990 1341 1349 1433 Apostolus
1375 1342 1592 1424 docet,
1629 1344 1831 1429 quasi
1859 1364 2009 1412 vere
2056 1342 2332 1413 viduam
2374 1356 2439 1411 et
2486 1341 2886 1424 desolatam,
2922 1364 3121 1433 spem

588 1454 785 1504 suam
839 1433 905 1501 in
961 1432 1246 1502 Domino
1294 1429 1766 1501 collocantem.
1806 1435 1970 1501 Cum
2021 1447 2246 1502 autem
2284 1431 2580 1520 quodam
2628 1446 2928 1523 tempore
2958 1432 3123 1522 plus

585 1523 750 1592 satis
798 1520 995 1590 anxia
1045 1533 1223 1591 esset
1268 1519 1353 1589 de
1427 1520 1801 1591 mutatione
1850 1533 2067 1591 status
2130 1521 2276 1602 sui,
2332 1535 2407 1591 ut
2456 1525 2585 1590 Deo
2635 1520 2920 1591 liberius
2982 1542 3124 1591 ser-

582 1611 725 1680 vire
767 1622 1016 1700 posset,
1057 1609 1306 1679 mentis
1352 1609 1666 1680 ecstasim
1706 1630 1933 1697 passa,
1973 1608 2138 1678 vidit
2176 1609 2431 1679 nubem
2466 1608 2908 1689 luculentam,
2947 1623 3011 1678 et
3042 1630 3125 1678 ex

589 1701 772 1769 nube
821 1720 1051 1767 vocem
1121 1697 1383 1767 audivit
1433 1698 1566 1789 ipsi
1642 1697 2025 1767 dicentem:
2080 1721 2117 1764 «
2150 1703 2288 1787 Ego
2344 1720 2497 1768 sum
2563 1698 2894 1768 Dominus
2944 1703 3121 1767 Deus

585 1800 771 1868 tuuS,
816 1787 935 1873 qui
973 1800 1193 1855 tecum
1248 1786 1432 1873 loqui
1469 1785 1642 1856 volo,
1679 1792 1777 1855 Tu
1802 1786 1938 1857 eris
1972 1808 2228 1887 sponsa
2257 1809 2406 1856 mea
2440 1800 2505 1856 et
2551 1786 2814 1857 canalis
2850 1807 3120 1857 meus.»

473 1930 478 1935 -
583 1877 678 1946 Iis
730 1877 952 1946 verbis
988 1870 1101 1945 illa
1154 1876 1407 1956 territa,
1460 1875 1643 1962 quod
1697 1887 1965 1965 putaret
2013 1874 2404 1945 illusionem
2456 1897 2640 1956 esse,
2696 1898 2938 1947 rursus
2992 1897 3122 1945 au-

584 1965 794 2034 divit:
850 1963 1061 2034 «Noli
1114 1964 1590 2051 timere„quia
1636 1985 1762 2055 ego
1826 1987 1979 2035 sum
2025 1964 2344 2035 Conditor
2389 1965 2741 2045 omnium,
2800 1986 2933 2034 non
2987 1963 3123 2032 im-

582 2066 1014 2143 postor;.nec
1065 2055 1182 2123 tua
1231 2052 1439 2123 unius
1487 2056 1698 2122 causa
1762 2051 2037 2140 loquor,
2092 2053 2205 2124 sed
2279 2065 2552 2143 propter
2598 2052 2888 2123 salutem
2940 2050 3121 2122 mul-

582 2156 833 2211 torum.
899 2141 1067 2210 Audi
1118 2163 1280 2232 ergo
1327 2162 1504 2227 quae
1550 2164 1677 2232 ego
1714 2141 1979 2228 loquor,
2032 2152 2097 2211 et
2143 2140 2391 2210 deinde
2429 2140 2599 2211 refer
2632 2164 2707 2211 ea
2758 2140 2842 2212 ad
2896 2140 3120 2230 magi-

577 2245 797 2300 strum
851 2229 1198 2299 Matthiam
1233 2284 1254 2311 ,
1324 2231 1442 2317 qui
1492 2235 1619 2301 sua
1676 2230 2089 2321 experientia
2136 2230 2379 2299 didicit
2426 2230 2775 2320 spiritum·
2812 2229 3118 2298 veritatis

577 2320 664 2389 ab
706 2316 1051 2388 illusionis
1102 2318 1347 2408 spiritu
1396 2318 1858 2389 discernere.»
1908 2324 1976 2388 Is
2025 2319 2377 2400 Matthias,
2434 2319 2538 2387 vir
2573 2319 2823 2409 magna
2866 2317 2995 2387 fuit
3044 2318 3115 2386 in

581 2413 791 2476 Deum
843 2406 1220 2487 devotione,
1273 2420 1339 2476 et
1376 2429 1610 2477 sacrae
1657 2406 2063 2498 Theologiae
2115 2413 2352 2477 Doctor
2393 2406 2720 2479 celebris:
2764 2408 2880 2477 cui
2920 2406 3120 2476 beata

578 2496 859 2586 Birgitta
911 2496 978 2565 in
1030 2496 1356 2568 omnibus
1417 2496 1760 2579 obedivit,
1813 2496 2399 2586 quemadmodum
2452 2497 2513 2566 ei
2589 2509 2733 2567 tum
2784 2495 3119 2565 divinitus

579 2596 1018 2675 praeceptum
1071 2584 1221 2666 suit,
1276 2609 1434 2657 cum
1471 2586 1794 2657 coelestes
1846 2586 2146 2675 primum
2197 2587 2421 2675 coepit
2467 2585 2716 2656 habere
2765 2584 3118 2654 revelatio-

575 2696 718 2744 nes.
791 2672 1186 2764 Specialiter
1237 2696 1390 2745 vero
1438 2698 1475 2744 a
1544 2679 1675 2744 Deo
1722 2674 1850 2745 hoc
1915 2674 2033 2744 illa
2093 2675 2435 2755 obtinuit,
2496 2687 2575 2744 ut
2621 2674 2824 2743 annis
2874 2673 3119 2763 viginti

576 2777 749 2842 octo,
807 2776 1164 2852 postquam
1216 2785 1332 2835 eas
1374 2764 1615 2834 habuit
1666 2763 2149 2844 revelationes,
2217 2785 2572 2850 nunquam
2625 2762 2925 2853 prosecta
2973 2761 3118 2831 fue-

577 2853 686 2932 rit,
743 2873 1099 2939 nunquam
1150 2850 1410 2922 alicubi
1457 2852 1776 2933 haeserit,
1831 2852 1966 2922 nisi
2017 2865 2326 2923 movente
2357 2874 2510 2923 eam
2548 2852 2806 2941 Spiritu
2858 2851 2992 2919 Dei.

664 2943 700 3028 ὅ
748 2945 904 3013 lo.
958 2941 1268 3011 Instituit
1315 2954 1542 3011 autem
1596 2963 1847 3011 novum
1902 2941 2356 3012 monasticum
2407 2941 2747 3021 ordinem,
2803 2953 2869 3010 et
2917 2961 3121 3030 regu·-

575 3028 710 3098 lam
764 3030 908 3098 sive
956 3034 1296 3099 Canonem
1339 3052 1418 3099 ex
1467 3025 1880 3101 ore'Christi
1910 3030 2044 3120 ipsi
2071 3029 2397 3101 dictantis
2427 3029 2866 3119 conscripsit,
2906 3050 3115 3115 quem

575 3117 1001 3189 monialibus
1064 3119 1382 3190 coenobii
1443 3123 1827 3190 Watstenae
1883 3118 1918 3153 *²
1980 3118 2395 3189 servandum
2469 3119 2771 3206 reliquit.
2831 3116 3118 3187 Interim

629 3228 700 3274 ro
758 3220 855 3276 ter
893 3206 1303 3277 subitariam
1343 3207 1516 3278 vitae
1565 3208 2017 3279 mutationem
2059 3220 2125 3278 et
2162 3208 2443 3279 habitus
2491 3206 2850 3278 utilitatem
2903 3228 2941 3275 a
2990 3226 3123 3275 no-

571 3228 693 3363 fiili
753 3317 874 3374 us,
927 3296 1136 3365 vitam
1200 3296 1352 3385 ejus
1401 3318 1533 3366 non
1600 3296 1779 3372 alio.
1834 3318 2044 3384 quam
2096 3296 2409 3367 insaniae
2459 3295 2604 3366 loco
2653 3294 3113 3375 habentibus,

574 3385 1180 3454 contemnebatur:
1233 3383 1353 3455 sed
1408 3385 1507 3455 eis
1548 3385 1667 3455 illa
1715 3385 2024 3456 dicebat:
2078 3409 2114 3453 «
2156 3391 2287 3458 Nec
2324 3398 2601 3482 propter
2646 3407 2766 3455 vos
2813 3383 3110 3472 incoepi,

575 3493 701 3541 nec
752 3485 1026 3562 propter
1094 3496 1209 3544 vos
1256 3472 1608 3544 desistam.
1684 3476 1903 3546 Statui
1969 3487 2195 3545 autem
2264 3474 2449 3564 apud
2507 3475 2818 3544 animum
2879 3493 3114 3541 meum

475 3585 480 3592 “
576 3560 781 3630 verba
831 3560 1137 3632 tolerare.
1184 3564 1382 3632 Orate
1429 3585 1548 3633 vos
1638 3586 1713 3634 ro
1762 3585 1871 3633 me
1900 3617 1916 3645 ,
1970 3577 2048 3635 ut
2095 3585 2527 3653 perseverare
2573 3585 2848 3650 queam.
2882 3583 2919 3629 »
2968 3566 3117 3632 Non

574 3649 759 3718 enim
806 3650 1186 3740 ignorabat,
1239 3651 1420 3721 sicut
1470 3674 1578 3721 ma
1612 3675 1722 3721 am
1787 3653 2280 3722 conscientiam
2339 3674 2471 3722 non
2523 3667 2772 3723 sanant
2824 3648 3119 3720 laudan-

576 3737 748 3807 tium
804 3740 1371 3827 praecoilia„ita
1436 3762 1561 3810 nec
1611 3741 1863 3810 bonam
1913 3740 2183 3811 laedere
2239 3742 2724 3831 vituperatium
2774 3738 3112 3810 convicia.

569 3827 873 3916 Triginta
921 3829 1125 3899 annis
1171 3829 1258 3898 ab
1320 3829 1512 3898 obitu
1578 3830 1805 3899 mariti
1850 3830 2157 3901 vestibus
2203 3829 2407 3900 lineis
2454 3853 2583 3901 usa
2630 3851 2767 3899 non
2817 3841 2941 3909 est,
2976 3827 3121 3897 nisi

570 3915 929 3986 dumtaxat
993 3917 1060 3986 in
1118 3918 1366 4006 capitis
1435 3916 1936 4001 velaminibus;
2009 3918 2161 3998 sed,
2222 3941 2466 4009 aspero
2530 3918 2775 3988 induta
2840 3916 3111 3994 cilicio,

569 4026 845 4074 carnem
924 4030 1119 4077 suam
1196 4007 1656 4077 excruciabat.
1731 4011 1896 4078 Ante
1959 4006 2211 4078 lectum
2293 4030 2499 4079 suum
2583 4008 2885 4097 jusserat
2948 4004 3122 4096 poni

570 4106 871 4193 tapetum
916 4095 1206 4184 simplex
1250 4095 1348 4165 vel
1414 4094 1727 4185 pallium,
1781 4109 1846 4165 et
1895 4095 2217 4187 pulvinar
2276 4098 2605 4188 exiguum
2660 4117 2783 4185 pro
2847 4094 3117 4185 capite:

569 4203 807 4268 stoque
854 4185 1110 4255 cubare
1158 4183 1442 4254 solebat.
1495 4190 1944 4275 Interrogata,
2005 4190 2293 4273 quinam
2344 4187 2446 4257 sic
2494 4206 2817 4256 somnum
2870 4203 3131 4274 capere

571 4286 796 4360 posset
844 4271 911 4341 in
949 4273 1306 4372 acerrimis
1357 4271 1755 4363 frigoribus,
1813 4275 2069 4361 quibus
2129 4297 2247 4344 eae
2305 4275 2618 4365 regiones
2666 4272 3125 4360 Aquilonares

568 4477 577 4486 .
619 4425 644 4452 ¹⁸¹
672 4428 889 4469 wetzenu
917 4430 994 4469 vel
1023 4431 1312 4474 wentenum,
1341 4430 1563 4478 oppidum
1594 4433 1668 4470 est
1701 4431 2044 4482 ostrogothae.
2078 4432 2127 4471 in
2158 4431 2322 4472 sve-cin
2339 4429 2626 4482 provinciae,
2645 4432 2769 4480 apud
2786 4431 2942 4471 lacum
2960 4430 3128 4472 Weter

565 4488 615 4519 m
637 4481 853 4524 Dioeeest
871 4482 1185 4533 Lineopieust.
1206 4484 1385 4523 Harum
1406 4484 1685 4525 monialium
1705 4486 1909 4535 negatae
1929 4485 2215 4535 adprobatus
2234 4486 2431 4526 fuerunt
2451 4485 2508 4526 ab
2528 4486 2715 4527 Urbano
2732 4486 2813 4535 Pp.
2834 4484 2910 4525 VI.
