3347 4999
699 305 825 369 234
1344 323 1422 368 na
1470 322 1562 369 sS.
1617 319 1841 369 sancio
1890 323 1963 368 ετ
2014 321 2254 369 ΒΑεεΗο
2301 323 2414 369 n.
2880 303 3055 369 OCT.
3111 306 3153 370 7

612 408 926 475 intuens:
982 428 1016 470 «
1054 405 1177 475 Sed
1232 406 1287 475 si
1346 405 1600 486 iidem,
1669 405 1938 492 inquit,
1994 427 2178 474 nunc
2226 427 2498 493 quoque
2546 405 2708 474 estis
2760 406 3037 494 Sergius
3086 419 3156 475 et

609 495 969 574 Bacchus,
1024 515 1244 581 neque
1308 507 1595 563 vestram
1652 507 1947 563 mentem
2017 493 2293 563 invidus
2359 494 2741 564 occaecavit
2801 494 3089 564 daemon
3130 550 3148 575 ,

611 582 1053 652 revereamini
1121 605 1441 672 magnam
1497 584 1966 652 auctoritatem
2008 637 2023 662 ,
2072 584 2518 652 revereamini
2619 605 2815 652 uram
2881 596 2945 652 et
3008 604 3151 652 non

607 671 847 741 falsam
912 671 1284 740 amicitiam
1321 726 1340 752 ,
1409 694 1626 758 neque
1675 671 2201 760 conspiciamini
2257 694 2370 741 vos
2410 672 2479 740 in
2589 693 2703 740 eos
2754 684 2888 740 tam
2942 671 3157 761 impie

607 781 879 851 gerere,
927 780 1168 828 novam
1229 774 1292 828 et
1332 759 1677 829 insolitam
1731 760 2132 830 inducentes
2183 760 2622 849 religionem,
2669 774 2733 829 et
2789 761 2859 828 in
2908 782 3152 828 eorum

605 849 798 919 cultu
844 870 883 916 a
945 848 1142 918 nobis
1196 848 1605 919 dissidentes
1638 903 1653 926 ,
1709 871 1884 935 quos
1931 861 2192 937 oportet
2238 850 2442 918 etiam
2501 870 2719 935 usque
2776 848 2864 917 ad
2929 849 3152 938 ipsam

607 952 890 1007 mortem
944 937 1011 1005 in
1050 937 1353 1006 amicitia
1404 937 1765 1007 nobiscum
1807 939 2227 1026 conspirare.
2283 943 2448 1006 Nam
2490 960 2615 1027 ego
2648 937 2928 1024 quidem
2977 958 3141 1006 cum

604 1026 1039 1117 gravioribus
1077 1027 1177 1095 uti
1207 1048 1502 1116 possem
1548 1025 1913 1114 suppliciis
1943 1081 1957 1104 ,
2010 1039 2073 1094 et
2121 1027 2470 1114 tyrannice
2522 1027 2748 1104 vobis,
2805 1048 2844 1095 o
2893 1025 3145 1105 amici,

605 1117 741 1184 vim
794 1114 1043 1183 inferre
1079 1115 1340 1204 (adbuc
1374 1115 1557 1184 enim
1594 1129 1919 1183 consueta
1964 1128 2117 1183 utar
2146 1115 2682 1204 appellatione):
2737 1126 3059 1192 attamen,
3102 1136 3146 1182 o

607 1203 729 1283 dii,
787 1225 1091 1272 revereor
1137 1201 1539 1285 amicitiam,
1592 1217 1656 1272 et
1709 1216 2062 1293 propterea
2122 1203 2391 1273 retardo
2440 1205 2839 1282 cruciatuS,
2896 1216 2959 1271 et
3008 1203 3150 1272 vim

607 1291 855 1361 lubens
884 1292 1144 1360 differo.
1177 1315 1212 1358 »
1262 1297 1441 1362 Haec
1490 1314 1650 1361 cum
1686 1291 2070 1361 audiissent
2119 1292 2242 1360 viri
2283 1293 2566 1381 egregii,
2624 1291 2836 1368 scite,
2905 1291 3160 1380 placite·

607 1393 672 1449 et
722 1380 923 1470 plane
975 1380 1339 1450 dixerunt:
1394 1405 1428 1448 «
1460 1381 1652 1463 Quod
1708 1393 1860 1449 tuae
1891 1381 2171 1467 quidem
2224 1403 2357 1449 non
2409 1381 2631 1450 simus
2670 1379 2863 1449 obliti
2903 1379 3150 1448 amici-

610 1470 783 1548 tiae,
844 1490 965 1538 nec
1014 1469 1349 1539 fuerimus
1388 1470 1639 1559 ingrati
1693 1469 1761 1538 in
1806 1483 1915 1538 tua
1953 1470 2282 1539 beneficia
2324 1484 2389 1538 et
2430 1470 2766 1538 bonores:
2823 1469 2935 1538 sed
2981 1483 3036 1537 te
3083 1482 3155 1537 et

608 1579 945 1638 amemuS‚
985 1559 1044 1627 si
1070 1558 1291 1627 ullum
1327 1559 1569 1637 alium,
1607 1571 1671 1627 et
1698 1558 2057 1627 dominum
2092 1559 2585 1638 existimemus,
2617 1569 2681 1626 et
2712 1570 2786 1627 tu
2825 1558 2921 1627 sis
2955 1557 3154 1627 nobis

610 1647 868 1725 omnia,
907 1647 1183 1736 signum
1236 1660 1336 1716 est
1388 1645 1853 1727 manifestum,
1917 1647 2098 1734 quod
2150 1660 2215 1716 et
2262 1646 2554 1715 fideliter
2602 1647 2959 1734 hucusque
3009 1667 3154 1715 ser-

610 1735 929 1816 vivimus,
986 1748 1051 1805 et
1100 1749 1322 1805 tecum
1379 1735 1745 1823 diligenter
1795 1735 2292 1825 rempublicam
2363 1735 2872 1814 sustinuimuS,
2932 1756 3153 1821 neque

609 1823 752 1893 ulla
787 1825 854 1892 in
897 1847 988 1905 re,
1038 1846 1161 1892 nec
1200 1846 1428 1911 parva,
1464 1846 1586 1892 nec
1622 1846 1897 1913 magna,
1939 1825 2285 1915 conspecti
2321 1847 2566 1893 sumus
2609 1823 2882 1913 ingrati,
2933 1844 3154 1909 neque

608 1911 869 1999 aliquid
930 1912 1408 2003 prodidimus,
1462 1925 1581 1981 aut
1643 1912 2072 2002 negleximus
2135 1935 2369 1982 eorum
2435 1935 2613 1998 quae
2665 1923 2951 2001 oportet.
3019 1917 3150 1981 Nos

607 2024 770 2091 ergo
806 2023 927 2070 nec
971 2001 1219 2090 ingrati
1269 2001 1483 2070 animi
1516 2001 1856 2080 criminis,
1895 2015 2014 2070 aut
2045 2002 2573 2090 contemptionis
2621 2001 2965 2069 amicitiae
2996 2002 3152 2088 jure

610 2112 982 2180 possumus
1022 2091 1328 2159 accusari
1364 2114 1377 2157 :
1436 2112 1653 2176 neque
1687 2090 1868 2177 quod
1908 2113 1946 2158 a
1982 2103 2042 2159 te
2080 2105 2354 2191 propter
2384 2091 2618 2160 odium
2657 2089 3147 2170 dissideamuS,

609 2202 648 2248 o
709 2178 1207 2267 benignissime
1272 2185 1670 2269 Imperator.
1729 2179 1852 2248 Sed
1915 2201 2040 2249 nos
2098 2180 2432 2268 disJunxit
2495 2179 2642 2268 ipse
2690 2200 2908 2247 vanus
2964 2200 3158 2248 error

609 2266 839 2335 cultus
874 2266 1430 2348 simulacrorum,
1467 2282 1532 2336 et
1560 2267 1741 2355 quod
1781 2281 1854 2336 tu
1889 2269 1957 2336 in
2002 2280 2260 2338 certum
2298 2289 2377 2337 ac
2412 2267 2847 2336 manifestum
2887 2267 3155 2336 incidas

614 2355 991 2435 interitum,
1035 2369 1098 2424 et
1134 2378 1257 2424 nos
1286 2378 1559 2443 quoque
1591 2379 1796 2446 cogas
1827 2358 1895 2425 in
1933 2356 2109 2425 idem
2148 2356 2497 2426 deturbari
2536 2356 2946 2446 periculum.
2986 2361 3153 2424 Nam

610 2443 944 2531 quamdiu
1001 2445 1279 2532 quidem
1332 2447 1664 2536 agebatur
1712 2445 1796 2515 de
1845 2445 1991 2515 sola
2043 2445 2396 2515 mundana
2448 2445 2737 2525 militia,
2802 2467 2926 2515 nos
2979 2443 3151 2514 nihil

617 2534 1200 2621 praetermisimus
1247 2556 1483 2603 eorum
1550 2556 1726 2621 quae
1787 2548 2071 2625 oportet.
2126 2541 2223 2604 Tu
2284 2536 2431 2623 ipse
2487 2535 2684 2604 nobis
2738 2534 2914 2603 seres
2963 2534 3206 2603 testi-a

612 2622 945 2697 monium.
1002 2644 1125 2691 nos
1158 2624 1224 2690 in
1264 2623 1451 2692 nulla
1489 2645 1582 2703 re,
1619 2645 1797 2710 quae
1844 2638 2020 2693 esset
2051 2624 2496 2714 expedienda,
2552 2623 2766 2691 ullius
2801 2622 3156 2692 socordiae

609 2724 727 2780 aut
763 2710 1216 2801 negligentiae
1253 2733 1555 2799 unquam
1608 2711 1823 2780 fuisse
1870 2712 2253 2792 damnatOS,
2294 2713 2412 2782 sed
2456 2713 2521 2780 in
2559 2711 2644 2781 iis
2694 2713 2899 2781 rebus
2950 2712 3153 2781 nobis

608 2799 818 2870 fuisse
845 2822 1068 2869 acrem
1098 2799 1347 2870 zelum.
1384 2807 1459 2869 Et
1493 2822 1734 2870 rursus
1761 2823 2238 2888 quaecumque
2263 2801 2347 2871 de
2379 2822 2566 2869 more
2606 2800 3152 2870 Christianorum

614 2889 1027 2978 peregimuS,
1086 2890 1169 2958 iis
1212 2895 1420 2958 Deum
1467 2912 1741 2976 quoque
1793 2912 1914 2979 pro
1964 2890 2226 2959 viribus
2277 2890 2465 2958 vobis
2516 2888 2950 2958 reddidimus
3004 2911 3157 2979 pro-

612 2977 879 3066 pitium.
936 2978 1270 3061 Quoniam
1323 2990 1549 3047 autem
1596 2980 1836 3068 ipsum
1877 3000 2146 3065 quoque
2202 2979 2536 3053 bonorum
2593 2989 2802 3068 caput
2836 3031 2851 3057 ,
2909 2998 3158 3067 nempe

612 3067 952 3155 pietatem,
995 3068 1192 3136 nobis
1225 3067 1584 3137 contendis
1618 3067 1946 3146 adimere,
2004 3083 2069 3138 et
2103 3073 2232 3138 Deo
2289 3088 2413 3136 nos
2464 3068 2775 3158 privare;
2819 3067 3003 3153 quod
3052 3079 3159 3134 est

607 3154 940 3223 damnum
992 3169 1396 3236 extremum,
1435 3169 1500 3225 et
1546 3156 1727 3243 quod
1786 3157 1894 3246 pia
1939 3177 2071 3226 non
2114 3156 2324 3246 possit
2359 3155 2534 3226 ferre
2582 3157 2840 3233 anima,
2878 3168 2943 3225 et
2993 3175 3156 3244 pro-

611 3255 834 3331 pterea
888 3244 1181 3313 honores
1225 3260 1289 3311 et
1342 3244 1580 3314 laudes
1632 3246 1831 3315 nobis
1882 3267 2156 3315 revocas
2211 3247 2279 3314 in
2326 3246 2750 3324 memoriam,
2804 3242 3153 3330 quomodo

611 3344 670 3399 te
721 3330 879 3399 boni
931 3346 995 3400 et
1036 3332 1298 3401 honesti
1337 3333 1657 3423 ignarum
1723 3355 1854 3403 non
1909 3334 2070 3422 jure
2129 3334 2533 3413 dixerimuS,
2587 3332 2766 3420 quod
2811 3347 2876 3401 et
2918 3354 3015 3409 ea,
3070 3345 3155 3400 ut

611 3419 1125 3505 quodammodo
1175 3423 1689 3508 praestantioris
1740 3422 1937 3491 nobis
1986 3421 2197 3492 facias
2248 3422 2639 3512 optionem,
2696 3422 2871 3490 inter
2927 3440 2997 3488 se
3043 3418 3159 3488 in-

611 3508 822 3576 vicem
876 3509 1157 3576 omnino
1187 3509 1481 3589 confers,
1524 3512 1866 3600 pietatem,
1909 3510 2219 3598 inquam,
2258 3512 2323 3580 in
2379 3516 2614 3589 Deum,
2670 3521 2736 3578 et
2778 3511 3155 3577 humanam

608 3596 985 3665 amicitiam
1019 3611 1081 3666 et
1114 3595 1430 3684 gloriam,
1468 3621 1646 3686 quae
1686 3621 1902 3686 aeque
1941 3621 2019 3669 ac
2059 3621 2237 3686 aqua
2275 3598 2752 3689 praeterfluit?
2799 3595 3158 3680 Quomodo

607 3697 835 3753 autem
888 3685 1017 3754 hac
1066 3685 1256 3755 inre
1314 3700 1536 3755 tecum
1584 3689 2100 3767 conveniemus,
2156 3700 2221 3756 et
2272 3709 2405 3756 non
2457 3701 2717 3765 contra,
2771 3686 3154 3755 amicitiam

611 3786 677 3842 et
725 3773 1077 3856 honorem,
1131 3787 1196 3843 et
1244 3776 1301 3843 si
1350 3775 1515 3862 quid
1569 3779 1658 3846 sit
1710 3776 1898 3846 aliud
1955 3777 2230 3864 majus,
2286 3776 2748 3865 negabimus?
2795 3772 3156 3857 Quomodo

607 3875 832 3931 autem
872 3885 1003 3931 non
1055 3875 1130 3933 tu
1182 3865 1401 3955 magis
1452 3865 1704 3955 ingrati
1738 3867 1806 3934 in
1845 3871 2050 3934 Deum
2093 3865 2310 3934 animi
2344 3864 2659 3933 criminis
2691 3862 3150 3942 convinceris,

609 3951 727 4037 qui
780 3951 1079 4042 idipsum
1141 3954 1298 4034 tibi,
1351 3955 1533 4040 quod
1583 3968 1648 4022 et
1708 3955 1844 4033 εἰς,
1898 3967 1965 4022 et
2022 3955 2341 4043 respireS,
2396 3953 2766 4042 praebuit?
2813 3953 2945 4034 Qui
2992 3973 3158 4020 eum

607 4054 836 4109 careat
886 4041 1264 4132 principio,
1317 4041 1519 4112 verbo
1566 4041 1810 4121 effecit,
1866 4054 1941 4111 ut
1981 4042 2245 4112 coelum
2297 4056 2362 4111 et
2420 4055 2592 4111 terra
2656 4043 3158 4110 consisterent:

608 4143 674 4199 et
724 4130 1071 4199 hominem
1127 4130 1422 4220 propriis
1471 4130 1797 4200 manibus
1850 4142 1952 4199 est
1999 4131 2374 4200 fabricatus
2406 4142 2539 4211 ,ret
2590 4129 2947 4199 bonoravit
2992 4149 3161 4196 eum

611 4217 1168 4299 immortalitate,
1220 4233 1285 4289 et
1338 4241 1577 4288 eorum
1699 4241 1826 4289 uae
1880 4232 2042 4289 sunt
2098 4220 2166 4288 in
2228 4233 2405 4289 terra
2441 4273 2456 4300 ,
2507 4218 2717 4288 veluti
2782 4216 3166 4305 quemdam

612 4312 859 4395 Regem
913 4308 1312 4388 constituit,
1378 4308 1450 4376 id
1505 4330 1643 4396 quo
1739 4320 1842 4378 est
1896 4308 2209 4378 omnium
2263 4306 2844 4397 pulcherrimum,
2907 4326 3168 4396 nempe

607 4396 1062 4477 Paradisum,
1137 4396 1195 4464 ei
1259 4398 1664 4467 attribuens.
1745 4402 2096 4467 Caeterum
2173 4417 2254 4465 ne
2319 4397 2519 4466 nobis
2590 4416 3045 4474 succenseaS,
3124 4415 3170 4463 o
