3347 4999
226 360 404 426 OCT.
460 359 542 423 ⁴2
986 378 1063 423 nn
1095 333 1165 423 s.
1210 376 1523 424 wrcano
1573 376 1772 423 muse.
1828 376 2014 425 naon.
2555 358 2684 426 359

316 464 352 549 ξ
399 467 532 535 11.
587 460 942 529 Convaluit
976 461 1189 550 igitur
1235 462 1640 550 Episcopus,
1668 461 1943 530 cunctis
1993 460 2481 550 gaudentibus,
2528 475 2595 532 et
2643 467 2775 532 Deo

228 550 486 641 gratias
534 549 921 638 agentibus,
974 561 1369 638 coeptoque.
1400 550 1666 631 itinere,
1723 550 1792 616 in
1846 550 2268 619 Britanniam
2311 552 2514 620 venit.
2555 552 2776 621 Lectis

224 652 477 709 autem‘
510 638 855 727 EpistoliS,
912 659 1087 724 quas
1135 634 1222 707 ab
1269 637 1652 727 Apostolico
1700 642 1882 726 Papa
1930 637 2311 708 adduxerat
2355 640 2773 710 Bertwaldus

228 727 827 816 Archiepiseopus‚
881 741 945 796 et
993 726 1355 798 Edilredus
1404 727 1751 813 quondam
1805 732 1967 808 Rex,
2024 739 2185 795 tunc
2239 740 2469 796 autem
2519 727 2768 810 Abbas,

230 816 682 886 libentissime
708 815 1042 884 faverunt.
1081 816 1209 898 Qui
1246 815 1559 886 videlicet
1592 814 1957 885 Edilredus
1988 815 2286 885 accitum
2327 815 2412 885 ad
2450 837 2523 885 se
2564 819 2775 885 Coen-

228 905 500 985 redum,
553 926 757 991 quem
795 926 919 994 pro
966 926 1038 973 se
1079 926 1305 994 regem
1342 904 1616 986 fecerat,
1655 904 1958 974 amicum
1996 904 2331 993 Episcopo
2364 904 2516 973 fieri
2553 905 2769 994 petiit,

225 1007 292 1063 et
340 993 770 1084 impetravit;
825 993 941 1063 sed
991 992 1342 1062 Aldsridus
1390 993 2171 1064 Nordan-Humbrorum
2226 999 2384 1073 Rex,
2440 1014 2597 1062 eum
2658 1016 2776 1063 su-

227 1083 490 1172 scipere
538 1082 974 1169 contempsit,
1029 1102 1153 1151 nec
1217 1081 1422 1173 longo
1519 1096 1625 1152 ost
1672 1095 1977 1171 tempore
2025 1081 2387 1168 superfuit.
2445 1081 2635 1152 Unde
2674 1081 2775 1175 fa-

225 1185 412 1241 ctum
446 1183 570 1251 est,
608 1184 704 1250 ut,
746 1183 1073 1260 regnante
1113 1171 1391 1251 Osredo,
1433 1172 1475 1240 fi
1513 1173 1573 1241 io
1612 1172 1791 1255 ejuS,
1839 1192 2017 1249 mox,
2064 1170 2327 1259 synodo
2375 1169 2549 1240 facta
2579 1170 2774 1259 juxta

224 1261 519 1330 fluvium
569 1259 843 1331 Niddin.
884 1273 1033 1350 post
1071 1260 1506 1347 aliquantum
1535 1260 1897 1347 utriusque
1928 1258 2139 1348 partis
2165 1259 2592 1341 conflictum,
2626 1273 2775 1329 tan-

224 1349 381 1418 dem
435 1349 705 1417 cunctis
752 1346 1160 1430 faventibus,
1217 1350 1285 1416 in
1342 1349 1805 1438 praesulatum
1845 1348 1934 1417 sit
1968 1369 2131 1418 suae
2181 1360 2494 1437 receptus
2542 1348 2771 1418 Eccle-

226 1438 393 1507 siae.
449 1438 694 1523 Sicque
733 1450 1029 1523 quatuor
1076 1437 1279 1506 annis
1319 1459 1540 1525 usque
1571 1437 1653 1506 ad
1687 1437 1869 1507 diem
1906 1436 2136 1506 obitus
2175 1438 2286 1506 sui
2329 1436 2531 1506 vitam
2574 1437 2773 1507 duxit

225 1527 295 1596 in
351 1548 541 1615 pace.
597 1524 970 1595 Defunctus
1002 1538 1103 1595 est
1136 1539 1365 1595 autem
1400 1540 1645 1613 quarto
1681 1526 1846 1595 Idus
1879 1526 2188 1595 Octobris
2231 1526 2297 1594 in
2353 1526 2768 1595 monasterio

224 1637 375 1694 suo,
432 1613 611 1700 quod
663 1613 958 1685 habebat
1006 1614 1073 1684 in
1106 1615 1458 1705 provincia
1505 1615 1875 1694 Undalum,
1906 1615 2039 1684 sub
2069 1613 2402 1705 regimine
2435 1612 2772 1684 Cudbaldi

224 1703 548 1785 Abbatis‚
603 1715 668 1772 et
717 1704 1100 1774 ministerio
1162 1703 1477 1774 fratrum·
1512 1704 1818 1794 perlatus
1869 1702 1940 1772 in
1999 1725 2204 1773 suurn
2275 1704 2770 1773 monasterium

226 1793 562 1883 primum,
628 1791 807 1878 quod
875 1792 1128 1862 dicitur
1181 1793 1247 1861 in
1300 1794 1618 1882 Hripum‚
1679 1793 1940 1883 positus
1986 1807 2086 1862 est
2134 1792 2203 1859 in
2253 1790 2540 1861 ecclesia
2592 1790 2773 1862 beati

224 1879 526 1970 Apostoli
588 1882 787 1961 Petri,
831 1880 1024 1970 juxta
1080 1881 1291 1951 altare
1340 1882 1421 1950 ad
1476 1889 1824 1962 Austrum,
1881 1893 1955 1950 ut
2004 1902 2213 1971 supra
2263 1880 2654 1962 docuimus,
2709 1892 2776 1949 et

227 1970 355 2039 hoc
398 1969 486 2038 de
531 1969 652 2040 illo
699 1970 1141 2061 Epitaphium
1184 1984 1286 2040 est
1333 1970 1712 2061 scriptum:

652 2128 890 2193 Wiltrid
942 2131 1037 2192 hic
1080 2147 1341 2209 magnus
1383 2131 1708 2209 requiescit
1749 2146 1995 2208 corpore
2038 2129 2295 2207 praesul,

652 2208 819 2272 Hanc
863 2211 1122 2272 Domino
1162 2214 1267 2290 qui
1312 2211 1538 2284 aulam,
1578 2212 1794 2273 ductus
1839 2211 2077 2289 pietatis
2117 2223 2346 2283 amore,

651 2289 840 2363 Fecit,
884 2299 945 2352 et
988 2294 1216 2352 eximio
1256 2293 1516 2352 sacravit
1561 2294 1811 2352 nomine
1854 2291 2043 2361 Petri;

650 2365 759 2429 Cui
805 2374 1003 2432 claves
1045 2372 1193 2433 coeli
1242 2369 1518 2431 Christus
1560 2373 1727 2431 dedit
1769 2370 1997 2431 arbiter
2040 2368 2224 2445 orbi5‚

655 2451 855 2527 Atque
897 2467 1041 2512 auro
1083 2467 1151 2513 ac
1190 2451 1373 2529 Tyrio
1414 2451 1667 2512 devotus
1710 2454 1915 2512 vestiit
1957 2456 2141 2512 ostro.

651 2531 991 2604 Quinetiam
1036 2530 1295 2593 sublime
1340 2529 1550 2593 Crucis
1591 2532 1867 2593 radiante
1907 2529 2175 2593 metallo,

652 2611 763 2672 Hic
807 2615 999 2689 posuit
1041 2619 1134 2671 tro
1179 2611 1401 2671 heum:
1450 2627 1687 2673 necnon
1732 2619 1794 2672 et
1834 2619 2093 2689 quatuor
2134 2624 2283 2672 auro

650 2689 841 2754 Scribi
892 2628 1209 2768 Evangelii
1256 2692 1558 2768 praecepit
1602 2697 1662 2752 in
1708 2692 1922 2752 ordine
1966 2689 2175 2760 libr-m,

652 2774 737 2832 Ac
783 2774 1015 2834 thecam
1061 2787 1095 2832 e
1141 2772 1324 2831 rutilo
1367 2770 1460 2831 his
1500 2771 1873 2847 condignam
1918 2769 2190 2832 condidit
2230 2784 2402 2830 auro.

651 2849 948 2913 paschalis
991 2852 1094 2929 qui
1140 2853 1320 2912 etiam
1365 2851 1657 2912 solemnia
1711 2863 1973 2928 tempora
2017 2865 2252 2920 cursuS‚

655 2929 941 2992 Catholici
987 2930 1061 2991 ad
1098 2930 1327 3008 justum
1375 2933 1634 2990 correxit
1672 2929 1887 3007 dogma
1931 2929 2216 3000 Canoni3‚

516 3029 541 3045 1
652 3012 842 3085 Quem
887 3018 1155 3072 statuere
1202 3017 1428 3088 patres:
1479 3011 1790 3085 dubioque
1819 3026 2025 3070 errore
2072 3013 2328 3078 remoto,

648 3091 820 3152 Certa
864 3108 1007 3152 suae
1048 3092 1214 3168 genti
1258 3091 1521 3151 ostendit
1566 3091 1982 3150 moderamina
2027 3091 2201 3148 ritus.

654 3170 846 3247 Inque
888 3171 1033 3232 locis
1080 3171 1203 3230 istis
1248 3170 1685 3230 monachorum
1728 3171 2010 3229 examina
2053 3167 2262 3228 crebra

650 3250 915 3327 Colligit,
959 3267 1025 3311 ac
1069 3249 1342 3316 monitis,
1390 3250 1548 3309 cavit
1590 3263 1745 3325 quae
1787 3248 1997 3325 regula
2046 3252 2312 3324 patrum,

653 3330 912 3392 Sedulus
956 3330 1244 3402 instituit,
1289 3328 1616 3405 multisque
1644 3326 1933 3405 domique
1975 3326 2256 3404 forisque,

653 3409 916 3471 lactatus
961 3411 1227 3470 nimium
1274 3422 1378 3485 per
1422 3415 1692 3486 tempora
1738 3407 1915 3483 longa
1964 3405 2226 3484 periclis,

650 3488 1008 3561 Quindecies
1052 3497 1254 3549 ternos
1296 3494 1603 3564 postquam
1647 3486 1778 3563 egit
1823 3486 2143 3563 Episcopus
2182 3499 2403 3559 annm,

650 3569 933 3634 Transiit.
977 3576 1040 3629 et
1083 3568 1358 3643 gaudens
1400 3566 1675 3628 coelestia
1711 3581 1896 3643 regna
1944 3567 2184 3644 petivit.

659 3650 824 3710 Dona
870 3649 1031 3720 lesu,
1080 3656 1149 3708 nt
1192 3661 1345 3724 grex
1389 3647 1645 3724 pastoris
1687 3647 1835 3707 calle
1875 3652 2184 3723 sequatur.
