3347 4999
753 316 880 380 382
1560 331 1636 377 ne
1686 330 1741 377 s.
1793 329 2083 376 nomano
2131 329 2289 376 naon
2884 313 3069 378 OCT.
3137 315 3224 379 ¹3

667 420 956 497 intexta;
994 417 1278 488 barbam
1312 415 1513 487 etiam
1551 414 1815 483 niveam
1851 428 1915 482 et
1964 413 2321 504 prolixam,
2360 414 2846 503 modicumque
2883 408 3226 505 crispan-

668 521 829 587 tem,
886 527 1094 595 super
1144 516 1379 594 pectus
1427 503 1743 572 decenter
1797 502 2038 572 ordine
2091 525 2216 571 suo
2255 503 2622 591 jacentem.
2676 505 2919 574 Accitis
2971 506 3226 592 itaque

669 594 1018 675 fratribuS,
1072 594 1187 680 qui
1232 594 1299 660 in
1351 592 1656 661 oratione
1695 605 1850 661 ante
1881 592 2092 662 altare
2140 605 2633 672 remanserant,
2672 605 2736 662 et
2766 594 2851 663 ad
2904 606 3046 663 tam
3089 595 3224 664 de-

667 682 1033 754 siderabile
1081 680 1551 771 spectaculum
1611 680 1980 764 admissiS,
2033 680 2207 749 facta
2274 693 2371 750 est
2421 679 2676 750 laetitia
2731 704 2980 774 magna
3039 706 3222 752 cum

666 772 1045 862 gratiarum
1098 771 1363 839 actione
1414 769 1588 838 inter
1648 769 1824 838 illos.
1880 774 2019 838 Non
2088 781 2310 836 tamen
2373 768 2600 839 adhuc
2649 770 2872 851 stetit,
2927 792 3060 840 nec
3112 773 3222 840 sic

664 860 923 948 quievit
972 858 1336 928 vehemens
1387 858 1499 926 ille
1549 858 1834 946 spiritus
1881 857 2308 936 devotioniS,
2367 871 2431 925 et
2477 858 2727 927 ardens
2775 860 3218 931 desiderium

665 947 1103 1039 inspiciendi,
1152 946 1511 1027 tractandi,
1564 961 1628 1015 et
1675 946 1965 1015 interius
2015 945 2489 1035 perscrutandi
2548 947 2946 1018 thesaurum
3000 948 3215 1018 illum

672 1038 1075 1128 pretiosum,
1129 1057 1333 1122 quem
1385 1057 1456 1105 se
1506 1057 1754 1125 magna
1807 1035 1940 1123 jam
1981 1056 2060 1103 ex
2110 1047 2296 1124 parte
2344 1034 2597 1103 vidisse
2645 1037 3215 1125 gratulabantur.

669 1132 1101 1216 Apponentes
1150 1126 1377 1211 itaque
1443 1145 1691 1193 manus
1755 1123 1980 1192 debita
2029 1145 2185 1193 cum
2247 1123 2601 1192 devotione
2650 1137 2715 1194 et
2775 1127 3162 1195 reverentia
3198 1183 3213 1201 .

666 1229 936 1289 vestes,
991 1213 1237 1303 capitis
1297 1213 1853 1303 operimentum,
1923 1213 2224 1281 tunicam
2291 1224 2356 1281 et
2414 1211 2675 1303 caligas
2736 1215 2849 1303 pia
2947 1215 3214 1283 uadam

669 1302 1116 1390 inquisitione
1168 1301 1569 1380 tractabant,
1627 1313 2003 1380 tentanteS,
2058 1302 2115 1369 si
2162 1322 2370 1386 quam
2423 1299 2630 1383 forte,
2685 1302 2864 1372 sicut
2954 1303 3220 1373 ictabat

668 1393 861 1472 ratic,
901 1392 1253 1480 expetebat
1302 1403 1568 1469 natura,
1606 1389 2050 1459 admisissent
2077 1390 2612 1479 corruptionem.
2667 1396 2743 1460 Et
2780 1413 2939 1461 ecce
2967 1393 3216 1461 omnia

668 1504 748 1550 ea
798 1480 1153 1570 reperiunt
1199 1478 1653 1567 integritatem
1711 1479 2067 1567 pristinam
2129 1478 2536 1547 retinuisse:
2588 1500 2668 1548 ex
2734 1493 2921 1569 parte
2973 1493 3210 1550 tamen

668 1569 1102 1639 obfuscatum
1154 1568 1516 1636 advertunt
1562 1566 1855 1636 colorem
1905 1580 1970 1655 et
2015 1566 2323 1636 decorem
2381 1588 2662 1647 eorum,
2719 1582 2867 1638 tum
2915 1591 2998 1638 ex
3049 1570 3212 1639 diu-

666 1672 867 1727 turna
920 1657 1171 1746 lapidis
1219 1655 1686 1745 contiguitate,
1743 1668 1885 1725 tum
1936 1678 2014 1724 ex
2063 1655 2341 1746 pulvere
2387 1668 2452 1724 et
2487 1672 2862 1735 caemento,
2900 1658 3096 1744 quod
3140 1660 3206 1727 in

667 1746 1074 1835 sarcophagi
1123 1745 1473 1834 apertione
1536 1744 1907 1814 introrsum
1960 1745 2339 1813 ceciderat:
2399 1745 2581 1831 quod
2648 1758 2868 1815 tamen
2939 1746 3202 1825 linteo,

665 1836 844 1905 sicut
897 1846 1227 1924 poterant.
1279 1845 1693 1913 amoventeS,
1751 1834 2129 1913 materiam,
2173 1855 2349 1923 opus
2396 1847 2461 1902 et
2508 1832 2799 1903 colorem
2853 1833 3062 1904 facile
3095 1836 3209 1904 de—

670 1922 1092 2015 prehendere
1136 1933 1523 2011 potuerunt.
1579 1922 1966 2010 Suppositis
2013 1923 2238 2008 itaque
2275 1921 2598 1991 manibus
2629 1944 2787 1991 cum
2827 1926 3208 1993 reverentia

667 2026 731 2081 et
780 2012 1043 2091 timore,
1099 2032 1349 2100 corpus
1399 2008 1567 2078 illud
1622 2011 1995 2098 gloriosum
2055 2010 2169 2079 alii
2221 2010 2305 2079 ad
2356 2023 2585 2099 caput,
2638 2011 2754 2079 alii
2807 2011 2889 2080 ad
2949 2013 3203 2101 pedes,

668 2101 950 2188 quidam
1004 2098 1086 2168 ad
1125 2099 1449 2169 humeros
1481 2111 1546 2167 et
1596 2120 1714 2187 per
1763 2099 2065 2168 medium
2120 2100 2438 2179 levantes,
2491 2112 2557 2168 et
2595 2121 2805 2189 super
2839 2113 3204 2171 extensum

670 2202 971 2279 tapetum
1023 2188 1092 2255 in
1146 2207 1371 2276 panno
1421 2187 1635 2257 serico
1670 2188 1963 2277 pretioso
2013 2187 2451 2268 involvente5‚
2507 2188 2576 2256 in
2625 2191 2792 2257 cista
2835 2188 2881 2256 li
2939 2212 3075 2258 nea
3123 2190 3205 2258 ad

663 2278 791 2346 hoc
828 2278 1225 2367 praeparata
1258 2275 1709 2357 incluserunt,
1748 2278 1980 2345 omnia
2017 2299 2192 2363 quae
2239 2298 2395 2345 cum
2447 2298 2525 2345 eo
2576 2276 2846 2345 inventa
2928 2293 3201 2357 ueram,

666 2366 852 2434 intus
900 2365 1382 2452 relinquenteS,
1435 2377 1711 2455 excepto
1758 2365 2017 2434 annulo
2065 2386 2294 2444 aureo,
2344 2386 2547 2451 quem
2610 2366 2679 2433 in
2730 2365 2947 2457 digito
3001 2368 3210 2458 Regis

667 2454 1042 2535 inventum,
1082 2453 1301 2523 Abbas
1338 2466 1610 2543 propter
1647 2453 2070 2523 devotionem
2109 2453 2407 2533 retinuit,
2460 2467 2524 2524 et
2571 2454 2651 2524 ad
2695 2454 2902 2545 hujus
2943 2478 3208 2527 memo·

665 2544 837 2612 riam
870 2543 1036 2611 satis
1070 2542 1345 2633 provide
1384 2563 1729 2612 reservare
1768 2544 2087 2612 decrevit.

749 2634 787 2719 ξ
832 2635 924 2702 8.
976 2631 1384 2700 adveniente
1413 2631 1642 2718 itaque
1689 2631 1822 2712 die,
1860 2653 2063 2718 quem
2117 2636 2253 2701 Rex
2285 2631 2732 2701 celebrandae
2767 2634 3208 2703 translationi

665 2721 1089 2810 praefixerat,
1143 2720 1470 2790 omnibus
1521 2721 1798 2808 paratis,
1852 2742 2028 2808 quae
2063 2733 2285 2790 tantae
2318 2721 2412 2789 rei
2455 2720 2835 2789 necessaria
2873 2721 3208 2791 videban-

665 2821 800 2890 tur,
840 2809 1118 2878 veniens
1167 2809 1233 2876 in
1286 2807 1643 2877 ecclesiam
1699 2831 1855 2878 cum
1902 2830 2150 2899 magno
2185 2829 2539 2899 procerum
2573 2819 2637 2877 et
2685 2808 3069 2878 illustrium
3111 2812 3207 2878 vi-

662 2920 895 2968 rorum
949 2899 1318 2977 comitatu,
1378 2897 1600 2986 primo
1659 2897 1925 2981 cistam,
1982 2898 2051 2966 in
2108 2920 2240 2985 qua
2294 2897 2630 2986 pretiosus
2674 2896 2788 2965 ille
2829 2897 3210 2968 thesaurus

659 2986 1160 3067 continebatur,
1198 2984 1459 3055 recludi
1491 2986 1667 3065 fecit,
1704 2987 2317 3072 assistentibusque
2347 2985 2865 3075 archiepiscopo
2904 2990 3211 3057 Cantua-

657 3076 868 3145 riensi
907 3088 972 3145 et
1007 3074 1364 3165 Episcopis
1410 3073 1950 3164 quamplurimis
1980 3131 1995 3157 ,
2053 3075 2561 3161 Abbatibusque
2615 3095 2889 3161 quoque
2925 3089 2995 3144 et
3043 3076 3210 3146 aliis

662 3163 1172 3233 venerabilibus
1222 3164 1534 3252 personis
1569 3219 1584 3245 ,
1643 3177 2064 3252 praesentem
2107 3163 2292 3232 illam
2339 3164 2560 3252 regiae
2612 3185 2942 3252 personae
2993 3164 3214 3254 maje-

660 3265 901 3322 statem
960 3251 1177 3320 oculis
1228 3251 1441 3331 vidit,
1501 3253 1962 3338 manibusque
1997 3308 2011 3333 ,
2065 3264 2398 3339 quantum
2452 3254 2654 3320 timor
2700 3264 2765 3321 et
2818 3255 3212 3322 reverentia
3303 3319 3304 3338 ,

666 3339 1059 3429 permisere,
1115 3340 1444 3420 tractavit,
1498 3341 1867 3428 omniaque
1921 3342 2010 3410 ita
2058 3362 2128 3409 se
2178 3341 2424 3409 habere
2473 3341 2751 3430 gavisus
2817 3352 2965 3421 est,
3020 3341 3214 3411 sicut
3303 3341 3304 3372 ³

663 3427 724 3494 ei
774 3427 861 3494 ab
909 3427 1159 3496 Abbate
1228 3428 1445 3515 primo
1506 3429 1726 3496 fuerat
1789 3429 2203 3498 intimatum.
2275 3433 2471 3498 Facta
2523 3429 2730 3519 igitur
2765 3483 2779 3508 ‚
2834 3428 3018 3498 sicut
3067 3430 3214 3499 diei

664 3514 1062 3584 solemnitas
1108 3515 1483 3604 expetebat,
1522 3518 1975 3605 processione,
2017 3518 2443 3606 pretiosoque
2492 3517 2872 3605 incorrupti
2901 3517 3208 3607 virginis

663 3625 947 3693 corpore
978 3625 1094 3692 per
1118 3603 1498 3675 claustrum
1531 3608 1921 3674 monasterii
1955 3607 2159 3696 regiis
2187 3606 2493 3674 humeris
2527 3605 2748 3693 praeci
2762 3627 3210 3693 puorumque

668 3693 873 3762 totius
923 3693 1114 3782 regni
1165 3715 1522 3782 procerum
1573 3695 1893 3763 manibus
1942 3695 2480 3764 reverentissime
2518 3694 2870 3783 deportato
2905 3748 2919 3773 ,
2980 3697 3214 3781 posita

664 3793 764 3851 est
797 3803 1002 3871 super
1034 3782 1525 3851 candelabrum
1579 3783 1926 3871 praeclara
1974 3783 2093 3852 illa
2125 3783 2401 3853 lucerna
2434 3782 2501 3848 in
2539 3781 2742 3850 domo
2779 3782 3083 3863 Domini,
3131 3797 3214 3852 ut

660 3870 777 3956 qui
828 3870 1336 3961 ingrediuntur,
1392 3869 1623 3938 lumen
1677 3871 1968 3953 videant,
2022 3887 2085 3940 et
2134 3871 2614 3940 illuminentur
2660 3872 2746 3939 ab
2796 3891 2897 3938 ea.
2947 3871 3210 3958 Sicque

659 3957 829 4028 illud
884 3982 998 4029 vas
1047 3959 1318 4049 insigne
1364 3959 1691 4031 castitatis
1726 4015 1741 4039 ‚
1793 3973 1857 4029 et
1908 3961 2264 4030 universae
2313 3959 2581 4028 virtutis
2636 3958 3078 4028 domicilium
3136 3962 3210 4029 in

658 4046 901 4116 feretro
932 4048 1250 4137 pretium,
1304 4047 1482 4134 quod
1533 4049 1596 4116 ei
1627 4071 1708 4117 ex
1745 4071 1913 4117 auro
1953 4064 2015 4118 et
2055 4061 2334 4138 argento
2381 4048 2680 4118 construi
2732 4047 2984 4115 fecerat
3033 4049 3213 4119 illu-

658 4135 818 4204 stris
866 4141 1001 4205 Rex
1062 4150 1125 4206 et
1186 4137 1641 4206 consobrinus
1689 4138 1883 4218 e’uS‚
1956 4149 2279 4206 strenuus
2339 4134 2711 4226 Anglorum
2760 4134 3157 4206 debellator
3193 4193 3207 4216 ,

660 4223 1089 4306 WilhelmuS,
1131 4225 1337 4314 regiis
1370 4226 1692 4296 manibus
1719 4160 2100 4295 honorifice
2138 4239 2202 4295 et
2234 4223 2639 4293 collocatum
2672 4237 2795 4303 est,
2847 4223 3214 4296 laudanti-

659 4313 793 4382 bus
826 4313 1093 4383 cunctis
1130 4336 1286 4382 voce
1317 4313 1725 4383 laetabunda
1747 4329 1810 4384 et
1838 4313 2395 4383 benedicentibus
2431 4319 2638 4381 Deum
2672 4312 2791 4398 qui
2825 4312 2890 4379 in
2927 4315 3212 4384 Sanctis

664 4402 811 4472 suis
846 4423 1115 4492 semper
1147 4416 1245 4472 est
1278 4401 1640 4491 gloriosuS,
1687 4416 1750 4472 et
1792 4405 1858 4472 in
1893 4403 2216 4473 omnibus
2251 4401 2573 4490 operibus
2604 4400 2747 4472 suis
2784 4398 3165 4474 mirabilis·
