3347 4999
710 338 838 403 226
1119 354 1197 401 nn
1244 353 1300 401 s.
1354 351 1645 400 sannone
1694 347 2198 399 σΑιιτιιυειΑΝοιι.
2254 351 2649 399 arannem
2889 335 3066 401 OCT.
3126 339 3184 402 6

618 439 1059 530 quamplura,
1116 459 1221 508 res
1268 451 1333 507 et
1357 437 1560 507 §bona
1608 436 1770 517 a'lia,
1821 457 1981 506 cum
2041 434 2495 525 amplissimis
2563 436 3030 519 libertatibuS‚
3092 439 3174 508 in

620 529 825 599 dictis
877 527 1117 596 litteris
1156 525 1474 617 specifice
1513 525 1902 596 declaratis
1929 548 1965 591 »
1999 529 2179 594 Haec
2213 531 2449 594 Comes
2485 524 2620 594 ille.

711 626 748 699 ἓ
786 621 944 688 518.
998 620 1139 685 Hac
1164 627 1392 684 autem
1424 615 1703 685 Comitis
1737 612 2139 684 liberalitate
2171 626 2235 682 et
2267 613 2635 684 donatione
2674 614 2887 684 fretus
2920 616 3179 686 beatus

620 712 870 784 Bruno,
921 704 1231 775 condidit
1265 703 1361 773 ibi
1400 704 1619 793 primo
1651 703 2012 773 ecclesiam
2065 702 2133 771 in
2187 702 2516 773 honorem
2564 705 2795 772 Matris
2831 705 2939 772 Dei
2968 705 3168 791 apud

622 817 906 885 specum
948 793 1323 880 quamdam
1366 792 1915 872 subterraneam,
1955 791 2023 858 in
2075 812 2210 877 qua
2253 791 2399 879 ipse
2450 792 2869 861 morabatur.
2905 793 3174 862 Deinde

618 883 915 953 extruxit
947 882 1149 952 etiam
1186 880 1498 965 alteram,
1552 880 1739 950 haud
1796 878 2032 970 procul
2083 879 2170 949 ab
2213 879 2332 948 illa
2380 879 2771 958 distantem,
2820 882 2885 949 in
2940 881 3172 950 hono—

615 995 757 1042 rem
813 973 1032 1041 sancti
1084 969 1609 1060 protomartyris
1658 974 1768 1039 Ste
1821 968 2012 1048 bani,
2067 990 2227 1037 cum
2283 971 2693 1040 monasterio
2728 970 2827 1050 illi
2862 971 3166 1059 conjun-

612 1075 745 1142 cto,
792 1061 859 1130 in
910 1082 1047 1147 quo
1094 1058 1343 1129 caeteri
1390 1058 1633 1129 fratres
1683 991 2107 1138 habitabant,
2163 1057 2294 1126 sub
2342 1057 2510 1126 cura
2544 1071 2608 1128 et
2652 1059 3161 1148 gubernatione

614 1151 785 1220 tanti
828 1150 1042 1240 patris
1091 1148 1354 1228 Christo
1391 1147 1786 1217 militantes,
1825 1151 1989 1215 Cum
2026 1145 2282 1232 quibus
2319 1147 2420 1214 vir
2467 1162 2748 1218 sanctus
2798 1169 3018 1234 usque
3067 1147 3159 1216 ad

614 1239 797 1309 diem
849 1239 1022 1306 vitae
1058 1251 1440 1306 extremum
1493 1237 1562 1305 in
1610 1258 1688 1305 ea
1741 1236 2192 1326 perseveravit
2246 1235 2513 1304 vivendi
2566 1237 2826 1305 ratione
2864 1250 2929 1306 et
2980 1236 3162 1305 vitae

612 1327 1000 1416 asperitate,
1039 1347 1247 1413 quam
1290 1337 1492 1395 antea
1540 1325 1608 1393 in
1646 1323 2005 1394 Carthusia
2038 1337 2354 1412 coeperat
2378 1336 2444 1393 et
2482 1323 2842 1394 docuerat:
2876 1325 3156 1394 interim

612 1416 814 1486 etiam
868 1414 1157 1487 sollicite
1204 1435 1441 1483 curam
1491 1434 1730 1484 eorum
1780 1434 2047 1508 gerens,
2082 1412 2203 1499 qui
2253 1413 2318 1479 in
2357 1413 2752 1482 Carthusiae
2775 1415 3001 1482 eremo
3034 1413 3162 1482 de-

612 1505 886 1593 gebant,
943 1504 1280 1594 praefecto
1326 1504 1448 1582 εἰς,
1487 1517 1564 1573 ut
1611 1516 1769 1572 ante
1806 1502 2146 1582 diximuS,
2203 1501 2531 1590 magistro
2581 1502 2961 1572 Lauduino.
3014 1503 3153 1584 Qui

610 1594 891 1682 quidem
946 1594 1047 1662 vir
1097 1590 1529 1673 venerabilis,
1584 1613 1669 1660 ne
1709 1613 1746 1660 a
1793 1591 2100 1680 vestigiis
2156 1602 2220 1658 et
2269 1591 2599 1659 institutis
2649 1591 2819 1661 tanti
2855 1592 3062 1679 patris
3089 1603 3164 1660 et

611 1683 1075 1782 praeceptoris
1124 1681 1231 1751 sui
1273 1680 1682 1760 deflecteret,
1739 1701 1903 1750 neve
1951 1679 2149 1748 aliter
2181 1699 2345 1747 suos
2379 1678 2787 1759 institueret,
2819 1702 3026 1767 quam
3063 1679 3160 1750 ab

609 1770 729 1840 illo
775 1794 934 1841 cum
986 1771 1193 1840 sociis
1233 1768 1559 1838 fratribus
1591 1768 1968 1849 didicisset,
2025 1769 2149 1836 iter
2189 1765 2672 1855 longissimum
2726 1768 3031 1858 suscepit
3063 1767 3156 1836 ad

607 1860 833 1950 ipsam
884 1881 1106 1946 usque
1155 1857 1507 1927 Calabriae
1562 1860 1910 1938 eremum,
1949 1854 2226 1946 singula
2262 1858 2656 1928 accuratius
2702 1879 2781 1925 ex
2831 1857 2948 1926 illo
2998 1878 3158 1946 per-

608 1961 1034 2019 contaturus.
1076 1946 1201 2016 Sed
1252 1968 1412 2015 cum
1449 1969 1486 2016 a
1520 1946 1957 2016 sanctissimo
2007 1948 2148 2014 viro
2185 1946 2455 2025 rediret,
2496 1947 2559 2014 in
2606 1968 2855 2014 manus
2890 1945 3152 2015 Giberti

604 2037 1027 2107 schismatici
1080 2035 1346 2114 incidit,
1399 2048 1464 2104 et
1508 2057 1669 2104 cum
1728 2056 1860 2103 non
1919 2047 2144 2122 posset
2191 2055 2230 2102 a
2280 2036 2614 2104 sententia
2663 2034 2910 2103 deduci
2952 2088 2967 2114 ,
3026 2055 3153 2122 pro

599 2126 909 2214 justitiae
942 2123 1338 2193 defensione
1371 2123 1439 2192 in
1474 2123 1792 2193 custodia
1840 2123 2157 2192 detentus
2204 2137 2340 2192 est:
2395 2122 2579 2192 unde
2619 2123 2820 2212 paulo
2858 2135 3012 2212 post
3042 2123 3156 2190 di-

604 2216 886 2294 missus,
929 2234 1063 2282 non
1097 2213 1314 2283 multo
1363 2213 1716 2300 interjecto
1766 2226 2093 2301 tempore,
2144 2210 2589 2301 impollutum
2642 2212 2906 2282 Christo
2939 2211 3155 2300 spiri-

605 2316 752 2372 tum
806 2301 1123 2371 reddidit.

692 2393 727 2477 §
778 2393 931 2461 2⁶1.
988 2391 1238 2460 Incidit
1284 2412 1440 2460 vero
1487 2390 1691 2459 etiam
1729 2389 2170 2459 beatissimus
2212 2403 2402 2479 pater
2435 2394 2661 2459 Bruno
2701 2389 2769 2457 in
2822 2387 3152 2478 gravissi-

603 2501 784 2549 mam
837 2479 1325 2560 valetudinem‚
1382 2478 1758 2567 morboque
1805 2492 2176 2568 augmenta
2226 2490 2645 2567 capessente,
2698 2477 3151 2566 quemadmo-

603 2568 771 2637 dum
825 2591 971 2639 sese
1013 2568 1351 2649 habuerit,
1407 2568 1648 2637 fratres
1679 2584 1743 2638 et
1792 2568 1917 2637 filii
1964 2568 2117 2655 ejus
2159 2569 2265 2637 his
2310 2568 2531 2637 verbis
2571 2569 2640 2636 in
2684 2567 2939 2656 scripto
2971 2589 3149 2653 quo-

581 2657 761 2726 -dam
815 2658 1196 2747 explicant:
1264 2681 1299 2723 «
1364 2662 1443 2727 Ut
1492 2658 1726 2727 sciatis
1764 2712 1780 2738 ,
1833 2670 2090 2744 quanta
2155 2657 2452 2737 fiducia,
2517 2678 2724 2744 quam
2777 2669 2961 2725 certa
3027 2677 3152 2744 spe

597 2744 1027 2848 liberat-ionis
1058 2747 1234 2847 ejuS,
1289 2768 1523 2836 preces
1555 2746 1886 2846 fun-datiS,
1925 2746 2294 2845 transitum
2348 2746 2538 2814 illius
2579 2746 2762 2815 brevi
2802 2744 2999 2813 titulo
3039 2744 3146 2812 in-

598 2848 1055 2917 notesc1mus‚
1095 2850 1172 2906 ut
1222 2857 1288 2904 in
1341 2847 1578 2904 sancta
1630 2856 1754 2903 viri
1808 2849 2426 2916 consummatione,
2477 2836 2821 2904 veritatem
2873 2847 2939 2903 et
2991 2855 3147 2920 per-

599 2923 958 2994 fectionem
1014 2936 1393 2995 transactae
1445 2924 1620 2993 vitae
1666 2923 1965 3012 colligat.
2007 2924 2243 2993 Sciens
2277 2923 2458 2990 enim
2489 2978 2503 3003 ,
2542 2924 2702 3010 quia
2743 2922 2924 2991 venit
2973 2922 3145 2990 bora

597 3012 774 3100 ejus,
830 3027 906 3083 ut
964 3025 1263 3084 transeat
1300 3035 1379 3082 ex
1421 3012 1550 3082 hoc
1589 3011 1849 3081 mundo
1896 3011 1978 3080 ad
2021 3017 2311 3091 Patrem,
2366 3002 2784 3081 convocatis'
2812 3010 3146 3081 fratribus

595 3103 765 3182 suiS‚
804 3103 890 3171 ab
956 3102 1106 3189 ipsa
1175 3102 1466 3171 infantia
1504 3099 1821 3189 singulas
1872 3112 2122 3170 aetates
2169 3123 2330 3170 suas
2390 3100 2763 3189 replicavit,
2819 3115 2884 3168 et
2935 3100 3148 3168 totius

595 3191 924 3279 temporis
955 3191 1062 3258 sui
1096 3212 1409 3268 cursum,
1458 3190 1747 3259 scientia
1793 3201 1858 3258 et
1892 3189 2228 3258 sententia
2277 3189 2596 3278 dignum,
2657 3188 3134 3279 proclamavit.

597 3283 833 3347 Postea
875 3278 1081 3347 fidem
1132 3300 1329 3347 suam
1381 3279 1465 3347 de
1514 3279 1862 3356 Trinitate,
1920 3290 2259 3367 protracto
2311 3292 2376 3347 et
2433 3277 2771 3366 profundo
2823 3296 3144 3346 sermone

594 3366 932 3456 exposuit,
971 3379 1036 3435 et
1060 3366 1401 3436 conclusit
1441 3367 1582 3437 sic:
1624 3391 1659 3434 «
1696 3367 1907 3437 Credo
1936 3366 2142 3437 etiam
2187 3371 2649 3445 Sacramenta,
2686 3388 2862 3453 quae
2902 3376 3139 3432 sancta

593 3454 811 3525 credit
858 3471 924 3524 et
973 3470 1331 3525 veneratur
1366 3456 1690 3535 Ecclesia,
1731 3469 1798 3525 et
1832 3455 2239 3525 nominatim
2278 3477 2519 3544 panem
2552 3468 2617 3524 et
2650 3457 2921 3529 vinum,
2952 3473 3135 3538 quae

594 3557 1090 3613 consecrantur
1142 3545 1211 3612 in
1269 3544 1503 3623 altari,
1553 3559 1704 3634 post
1741 3544 2326 3614 consecrationem
2387 3564 2619 3611 verum
2684 3563 2936 3633 corpus
2983 3561 3140 3610 esse

595 3633 867 3702 Domini
919 3634 1130 3704 nostri
1180 3639 1348 3702 Jesu
1396 3634 1666 3714 Christi,
1728 3655 1955 3703 veram
2006 3653 2284 3702 carnem
2321 3643 2386 3699 et
2418 3653 2654 3701 verum
2691 3630 3136 3721 sanguinem,

591 3744 767 3809 quae
814 3736 878 3792 et
927 3744 1053 3793 nos
1078 3722 1464 3813 accipimus
1499 3723 1564 3791 in
1607 3723 2081 3791 remissionem
2121 3732 2553 3811 peccatorum
2595 3735 2984 3791 nostrorum
3019 3773 3033 3799 ,
3071 3732 3144 3789 et

588 3812 659 3879 in
696 3833 817 3901 spe
865 3812 1112 3882 salutis
1145 3827 1483 3882 aeternae.
1527 3834 1560 3877 »
1596 3812 1908 3880 Proximo
1960 3810 2120 3878 inde
2169 3808 2522 3878 Dominico
2558 3808 2692 3889 dic,
2747 3821 2985 3878 sancta
3017 3806 3137 3876 illa

589 3901 845 3981 anima,
886 3923 1093 3971 carne
1142 3899 1369 3970 soluta
1415 3913 1538 3978 est,
1572 3901 1793 3990 pridie
1826 3904 2051 3969 Nonas
2086 3897 2419 3978 OctobriS,
2466 3919 2649 3967 anno
2683 3897 2932 3968 Christi
2983 3896 3143 3965 mil-

588 3987 832 4058 lesimo
895 3991 1270 4060 centesimo
1344 3989 1589 4079 primo,
1644 4009 2035 4078 corpusque
2074 3988 2223 4075 ejus
2279 3986 2519 4056 fratres
2570 3986 2710 4056 illic
2760 3985 3144 4055 honorifice

587 4078 1049 4149 condiderunt
1094 4080 1149 4144 ⁴⁸.
1206 4078 1300 4147 Ad
1350 4077 1498 4166 ejus
1540 4076 1938 4168 sepulcrum
1984 4076 2386 4164 hujusmodi
2446 4075 2878 4166 epitaphium
2923 4095 3142 4165 appo—

588 4167 797 4236 situm
838 4182 973 4237 est:

638 4316 663 4339 *¹
693 4313 737 4354 Β.
769 4314 1003 4353 Brimonls
1032 4315 1236 4358 nomine.
1265 4323 1386 4352 auno
1416 4313 1533 4358 1611,
1552 4312 1835 4361 Agrippinae
1867 4309 2082 4352 Coloniae
2105 4313 2254 4352 multa
2275 4312 2400 4352 edita
2419 4314 2531 4350 sunt
2553 4312 2716 4360 opera,
2734 4310 2984 4349 videlicet:
3006 4307 3143 4347 Com-

582 4367 841 4408 mentarios
870 4369 1001 4413 duce.
1032 4368 1236 4407 alterum
1266 4367 1314 4405 iu
1346 4364 1571 4411 Psalmos.
1601 4366 1804 4405 alterum
1836 4366 1885 4405 in
1918 4376 2079 4406 omnes
2111 4368 2154 4407 S.
2186 4366 2324 4406 Pauli
2344 4368 2503 4413 Apost.
2528 4365 2764 4417 Epistola
2785 4374 2879 4403 una
2898 4372 3005 4402 cum
3021 4371 3148 4401 non-

580 4422 732 4461 nullis
762 4419 1011 4470 opusculis
1042 4430 1128 4459 seu
1150 4421 1445 4459 'rr-aetatibus
1477 4422 1849 4467 sermonumque
1878 4417 2167 4459 collectione.
2202 4419 2466 4469 optandum
2487 4429 2600 4459 sane
2623 4420 2756 4464 roret.
2776 4420 2829 4457 ut
2850 4418 3002 4467 Opera
3020 4415 3149 4456 haec·

582 4478 793 4515 omnium
809 4474 1033 4520 fidelium.
1054 4485 1106 4514 ac
1126 4475 1323 4514 maxime
1346 4474 1648 4515 sacerdotum
1668 4474 1719 4512 iu
1740 4473 1954 4514 manibus
1978 4472 2165 4514 assidue
2186 4474 2504 4513 versarentur.
