3347 4999
633 354 639 359 ·
714 316 797 393 22
1386 346 1393 353 ·
1474 343 1657 391 niz-s.
1712 343 1970 389 aninmo
2021 342 2314 399 Aacumr.
2899 323 3076 388 OCT.
3137 324 3167 387 1

624 422 1375 513 finitimas-Pannoniae
1412 436 1635 512 partes
1663 445 1862 493 secus
1899 422 2260 492 Maeotidas
2300 420 2584 511 paludes
2625 435 3082 510 pervenerunt
3108 422 3175 500 *,

625 511 1229 598 ibiquecivitatem
1281 512 1721 582 advenientes
1768 512 2327 591 aedificaverunt,
2372 532 2580 597 quam
2632 511 2721 579 ob
2776 532 2973 579 suam
3030 532 3182 579 me-

521 604 535 616 ”
620 600 1419 673 moriam:sicambriam
1464 615 1908 689 vocaverunt:
1964 601 2032 668 in
2097 622 2232 687 qua
2275 600 2512 668 multis
2559 598 2763 666 annis
2823 598 3179 668 habitave-

625 699 809 769 runt,
863 702 927 757 et
966 688 1357 778 ingentem
1413 711 1737 779 magnam
1791 711 2010 776 usque
2044 689 2127 757 ad
2180 702 2487 778 tempora
2535 687 2993 759 Valentiniani
3042 689 3179 757 im·

625 778 956 866 peratoris
1003 791 1386 847 creverunt.
1442 783 1519 847 Et
1551 779 1642 848 ita
1692 779 1824 848 sub
1862 778 2292 867 principibus
2326 777 2617 857 crinitiS,
2660 777 2856 862 juxta
2909 798 3175 846 morem

624 867 848 955 gentis
889 866 1184 935 subinde
1215 867 1772 948 succedentibUS,
1833 890 1950 956 per
1998 868 2253 936 Thurin
2316 867 2447 935 iam
2503 866 2848 956 regionem
2894 869 3178 935 Germa·

625 955 778 1023 niae
818 978 856 1024 a
895 955 1173 1025 castello
1211 956 1539 1045 Dispargo
1571 957 1661 1038 *ᾖ
1720 957 1798 1024 in·
1828 978 1962 1042 quo
2011 956 2135 1025 diu
2185 957 2269 1024 ha
2327 956 2685 1031 itavesrunt,
2730 954 2814 1022 ad
2860 954 3177 1043 Belgicae

622 1043 1025 1130 provinciae.
1068 1050 1449 1114 Tornacum
1501 1058 1705 1131 atque
1755 1050 2196 1114 cameracum
2257 1044 2563 1113 civitates
2612 1043 2918 1131 aggressi
2976 1057 3171 1113 sunt.

622 1132 925 1219 Indeque
974 1133 1336 1220 usquead
1395 1138 1741 1204 Sommam
1780 1134 2068 1203 fluvium
2121 1152 2378 1222 partem
2417 1132 2725 1222 Belgicae
2778 1132 3178 1218 provinciae

618 1236 1155 1312 occupaverunt,
1195 1221 1315 1291 ubi
1368 1222 1691 1311 plurimis
1733 1222 2160 1310 temporibus
2195 1224 2532 1311 degerunt
2565 1221 2695 1291 sub
2746 1220 3074 1290 Clodoveo
3104 1235 3177 1290 et

620 1315 923 1383 Meroveo
975 1333 1171 1401 rege,-
1206 1312 1487 1400 a‘cujus
1539 1312 1818 1380 nomine
1867 1310 2312 1381 celeberrimo
2345 1366 2360 1391 ,
2426 1310 2666 1379 Franci
2722 1312 2935 1379 vocati
3004 1323 3174 1379 sunt

560 1478 565 1483 ,
622 1400 1031 1490 Merovingi:
1088 1401 1334 1469 sicuta
1388 1400 1863 1469 Valentiniano
1918 1402 2330 1489 imperatore
2385 1401 2596 1469 Attica
2656 1398 2896 1489 lingua
2951 1399 3175 1468 vocati

623 1502 786 1558 sunt
842 1490 1135 1568 Franci‚.
1168 1490 1462 1569 hoc·est,
1517 1489 1796 1559 feroces.
1857 1491 1974 1559 Cui
2025 1495 2326 1557 Meroveo
2381 1489 2449 1557 in
2511 1488 2973 1578 principatum
3020 1509 3174 1557 suc-

619 1579 825 1663 cessit
873 1578 1329 1656 childericus,¹
1368 1578 1496 1664 qui
1545 1579 1628 1646 de
1672 1578 1917 1646 Basina
1953 1580 2189 1668 regina
2238 1578 2738 1666 Thuringorum
2794 1576 3035 1646 habuit
3083 1577 3171 1645 fi-

621 1665 791 1737 lium
831 1666 1434 1753 Clodoveum,·.qui
1472 1667 1599 1735 fuit
1632 1689 1744 1735 rex
1780 1690 2074 1757 magnus
2107 1689 2316 1750 super
2362 1688 2601 1736 omnes
2651 1680 2808 1734 ante
2847 1686 2918 1733 se
2969 1687 3171 1755 reges

619 1760 1062 1836 Francorum,
1105 1769 1448 1845 pugnator
1483 1755 2055 1825 bellicosissimus
2086 1770 2289 1842 atque
2322 1756 2665 1845 egregius.
2721 1753 2867 1823 Illis
2901 1767 3169 1844 tempo·

618 1844 815 1913 ribus
845 1858 1174 1933 ceperunt
1209 1845 1916 1934 FranciAgrippinam
1954 1846 2293 1914 civitatem
2329 1866 2538 1934 super
2571 1844 2916 1919 Rhenum,
2949 1865 3167 1929 quam

619 1933 968 2002 Coloniam
1036 1948 1471 2013 vocaverunt,
1526 1946 1590 2002 et
1639 1935 2067 2002 Trevirorum
2120 1934 2462 2002 civitatem
2513 1954 2722 2021 super
2779 1931 3163 2011 Mosellam,

616 2043 794 2108 quae
844 2022 928 2090 ab
961 2022 1231 2090 Hunnis
1261 2035 1456 2090 antea
1508 2022 1739 2091 diruta
1769 2036 1832 2090 et
1865 2022 2110 2091 afflicta
2144 2021 2386 2102 fuerat,
2424 2020 2918 2091 succendentes
2964 2043 3170 2109 cepe·

619 2122 802 2178 runt.
860 2111 984 2179 Illo
1028 2124 1327 2200 ternpore
1377 2112 1443 2178 in
1485 2110 1592 2180 his
1644 2112 1956 2200 partibus
2003 2113 2185 2180 circa
2249 2111 2559 2180 Rhenum
2602 2131 2818 2196 usque
2868 2108 3163 2198 Ligerim

618 2199 908 2272 fluvium
950 2198 1352 2269 habitabant
1379 2201 1696 2279 Romani,
1736 2223 2031 2287 quorum
2067 2202 2388 2290 princeps
2428 2211 2571 2269 erat
2602 2197 2948 2288 Aegidius.
2981 2198 3172 2267 Ultra

528 2302 534 2311 '
616 2288 911 2377 Ligerim
964 2301 1190 2355 autern
1243 2289 1785 2360 'dominabantur
1819 2289 2068 2368 Gotthi,
2111 2311 2404 2376 quorum
2454 2288 2773 2378 princeps
2820 2300 2964 2356 erat
3012 2286 3167 2356 Ala-

617 2378 837 2450 ricus·
884 2382 1019 2447 Bur.
1071 2376 2125 2467 undiofnes.quoque.'Arriani,
2182 2391 2254 2447 ut
2310 2390 2373 2447 et
2420 2377 2647 2446 Gotthi
2683 2432 2697 2456 ,
2761 2376 3165 2446 habitabant

610 2464 807 2552 juxta
855 2466 1002 2556 Rho
1050 2487 1275 2535 anum·
1311 2466 1601 2537 fluvium
1652 2489 1872 2551 usque
1934 2467 2015 2536 ad
2069 2467 2408 2537 civitatem
2471 2465 2912 2557 Lugdunum,
2984 2479 3050 2534 ct
3097 2465 3159 2535 ei

616 2553 924 2624 confines
966 2554 1192 2635 urbes,
1230 2578 1542 2642 quorum
1597 2556 1921 2645 princeps
1959 2569 2102 2625 erat
2141 2555 2659 2626 Gundebaldus.
2713 2560 2803 2623 Eo
2855 2567 3159 2643 tempore

614 2656 1082 2714 mortuus-est
1129 2645 1498 2733 AegidiuS,
1552 2658 1617 2713 et
1666 2646 1995 2714 successit
2048 2647 2117 2714 in
2174 2646 2636 2734 principatum
2691 2649 3160 2713 Romanorum

613 2733 730 2819 qui
762 2732 1165 2801 habitabant
1206 2734 1273 2801 in
1311 2733 1571 2811 Galliis,
1612 2732 1802 2803 silius
1836 2735 1984 2822 ejus
2020 2735 2373 2834 syagrius,
2422 2740 2682 2802 Mortuo
2724 2745 2953 2801 autem
2980 2731 3161 2800 Chil-

612 2821 866 2901 derico,
905 2823 1024 2909 qui
1073 2822 1513 2892 Aurelianum
1574 2834 1638 2890 et
1695 2822 2091 2912 Andegavos
2131 2825 2436 2892 civitates
2491 2844 2650 2890 cum
2703 2843 2828 2891 suo
2859 2820 3164 2889 exercitu

614 2911 941 2980 Francico
989 2913 1350 3000 occupavit
1382 2924 1585 2996 atque
1618 2911 1925 2992 vastavit,
1977 2911 2349 2982 Clodoveus
2403 2910 2591 2980 filius
2639 2909 2793 2997 ejus
2825 2911 3163 2997 sagaciter

615 3002 1031 3068 Francorum
1083 3021 1374 3089 regnum
1429 3000 1756 3088 suscepit.
1818 3006 2008 3068 Anno
2057 3001 2297 3087 quinto
2333 3056 2347 3082 ,
2406 2999 2736 3068 Clodoveo
2799 3012 3152 3088 regnante,

614 3088 944 3185 Syagrius
972 3088 1161 3158 filius
1191 3089 1475 3189 Aegidii‚
1513 3087 1653 3157 dux
1689 3093 2154 3158 Romanorum
2197 3091 2316 3175 qui
2347 3090 2413 3156 in
2453 3088 2690 3157 Galliis
2733 3087 3156 3162 habitabant.

616 3195 685 3241 in
740 3178 1129 3245 Suessionis
1176 3178 1467 3260 civitate,
1510 3187 1718 3263 quam
1754 3193 1942 3266 pater
1972 3177 2118 3262 ejus
2153 3190 2485 3256 tenuerat,
2526 3177 2908 3255 residebat;
2948 3199 3161 3266 super

610 3277 814 3349 quern
867 3265 1239 3334 Clodoveu‘s
1287 3279 1442 3335 cum¹
1480 3266 1689 3336 ‚hoste
1737 3265 2011 3334 advenit
2051 3279 2260 3352 ,atque
2323 3266 2609 3336 devicit:
2681 3287 3025 3352 quemque
3073 3264 3160 3333 ab

611 3352 899 3432 Alarico,
946 3353 1140 3442 apud
1177 3376 1379 3440 quem
1407 3355 1716 3434 Tolosae,
1775 3351 2050 3445 fugiens
2085 3354 3002 3444 Clodoveum,.aliquamdiu
3044 3353 3159 3422 ha-

610 3439 872 3522 bitavit,
914 3442 1047 3511 sibi
1081 3443 1514 3512 trasmissum
1553 3445 1809 3534 recepit
1849 3459 1912 3513 et
1942 3443 2160 3513 occidi
2208 3444 2576 3534 praecepit,
2621 3457 2685 3512 et
2715 3443 2950 3512 omnia
2981 3463 3160 3528 quae

610 3529 813 3602 illius
852 3542 1046 3602 erant
1096 3553 1260 3601 suae
1312 3534 1621 3621 potestati
1672 3534 1976 3622 subegit,

623 3666 633 3674 -
699 3621 734 3704 ξ
788 3624 939 3691 24.
996 3625 1086 3688 Eo
1138 3633 1441 3710 tempore
1492 3622 1747 3690 multae
1795 3621 2124 3691 ecclesiae
2159 3644 2198 3689 a
2229 3620 2541 3691 Clodovei
2575 3620 2871 3689 exercitu
2916 3619 3158 3708 depre-

609 3706 807 3775 datae
847 3721 1032 3778 sunt.
1077 3713 1285 3778 Erant
1333 3722 1587 3790 autem«,
1643 3711 1822 3780 sicut
1854 3724 1917 3779 et
1963 3731 2076 3780 rex
2108 3709 2410 3788 illorum,
2452 3708 2728 3779 fanatici
2779 3722 2844 3778 et
2879 3707 3154 3807 pagani.

607 3799 912 3865 Attamen
965 3797 1324 3868 audientes
1362 3797 1697 3867 miracula
1743 3820 1921 3886 quae
1970 3800 2224 3868 fiebant
2261 3821 2379 3887 per
2418 3797 2691 3868 beatum
2735 3798 3154 3886 Remigium,

610 3886 1095 3956 reverebantur
1142 3909 1345 3956 cum:
1397 3902 1461 3955 et
1509 3886 1667 3957 licet
1720 3911 1802 3978 pa
1857 3889 1969 3958 ani
2029 3887 2409 3976 diligebant
2458 3887 2681 3967 illum,
2744 3887 2810 3954 in
2852 3885 3157 3972 quolux

609 3974 919 4046 coelestis
970 3977 1229 4065 gratiae
1274 3976 1609 4045 ‘omnibus
1651 3999 1805 4067 resp
1839 3977 2176 4047 endebat:
2227 3989 2292 4046 et
2338 3982 2480 4046 Rex
2528 3976 2807 4044 illorum
2861 3974 3152 4044 libenter

936 4131 941 4136 -
1548 4123 1551 4128 ·
2113 4117 2120 4136 ι
3047 4131 3050 4134 ,

659 4138 686 4164 ¹⁸
705 4137 938 4176 Fabuloaa
958 4138 1235 4177 Francorum
1247 4139 1396 4184 origo:
1416 4135 1637 4184 otiosum,
1654 4140 1952 4192 remotiorem
1975 4136 2214 4187 inquirere
2229 4148 2372 4186 quam
2391 4139 2578 4178 saeculo
2598 4148 2658 4185 iv,
2674 4147 2698 4176 e
2721 4137 3161 4177 Pannoniaeextre·

608 4192 697 4230 mis
728 4191 784 4229 ad
815 4191 1046 4230 Oceanum
1077 4193 1189 4232 orie.
1220 4193 1423 4239 Explode
1457 4192 1635 4240 par-iter
1656 4194 1857 4232 nominis
1880 4197 2069 4241 etymon
2089 4192 2181 4232 huc
2199 4193 2373 4232 vitiose
2394 4192 2612 4234 allatuun
2632 4193 2791 4240 potius
2812 4202 2840 4230 a
2856 4187 3162 4238 belgico-ger·

608 4243 788 4292 manica
809 4251 924 4290 voce·
944 4245 1122 4283 Prema,-
1143 4244 1242 4284 sive
1263 4247 1656 4294 liber-,petendum
1687 4251 1690 4254 '
1777 4289 1780 4296 ‚
2238 4276 2242 4280 .
2751 4265 2752 4268 ¹

631 4299 636 4305 ’
663 4299 715 4324 *¹⁸¹
758 4298 1041 4346 Dlspargum
1072 4300 1317 4339 castellum
1341 4303 1557 4352 statuunt
1578 4307 1684 4344 esse
1716 4296 1853 4339 aliter
1875 4297 2175 4346 appenninus
2199 4295 2504 4342 Dentemlum,
2523 4299 2645 4338 torte
2673 4295 2953 4336 hodiernum
2983 4297 3161 4335 Daem-

607 4352 719 4400 (1on
740 4352 791 4390 tn
821 4351 1070 4392 Germania
1097 4353 1480 4402 superior-lapitri
1509 4355 1736 4402 'summ-os,
1765 4353 2072 4401 Thin-ingiam
2109 4350 2267 4393 minua
2308 4355 2498 4400 proprie
2527 4353 2583 4391 ab
2615 4348 2869 4391 Hiucmnro
2899 4351 3084 4389 dictum.
3107 4369 3161 4378 —

610 4405 857 4452 andegavi,
886 4406 994 4453 gall.
1030 4408 1199 4454 Anqera
1236 4426 1276 4434 —-
1305 4407 1624 4450 Aurelianum,
1662 4408 1859 4447 Orrdmm.
1884 4427 1933 4434 —
1956 4405 2271 4450 cameracum.
2305 4403 2591 4446 'roi-uacum:
2614 4402 2836 4450 cenum-ai.
2862 4398 3084 4459 ,Your-nuy.
3106 4422 3170 4434 ..a

609 4459 915 4500 Suessionum
946 4459 1131 4505 civitas,
1154 4461 1380 4508 διήκουσε,-
1410 4455 1624 4510 Sequana
1652 4453 1915 4510 et'Ligerts
1937 4457 2145 4511 flumina,
2171 4459 2278 4510 gall.
2301 4460 2344 4498 la
2366 4460 2502 4505 Setiae,
2521 4460 2565 4497 ιιι
2587 4457 2731 4498 Loire.
