3347 4999
111 366 313 431 OCT.
371 364 395 425 l
1056 379 1131 423 DE
1180 380 1234 424 s.
1290 379 1531 423 aavoxe
1580 377 1763 424 coNF.
2506 360 2578 423 61

112 464 253 550 qui
307 471 738 537 convenerat,
785 479 1111 547 praesens
1162 456 1582 537 intuebatur,
1636 479 1794 525 cum
1832 478 1986 524 ecce
2036 456 2251 547 gloria
2296 457 2564 525 Domini
2595 457 2679 526 de

113 553 290 621 loco
341 561 576 618 sancto
627 569 753 618 suo
802 569 1011 635 super
1049 546 1223 636 justi
1273 546 1379 614 sui
1431 558 1636 634 caput
1687 545 2060 625 descendit,
2096 560 2161 615 et
2212 546 2275 613 in
2330 542 2553 633 figura
2586 546 2681 614 vi·

112 640 401 709 vificae*
431 636 666 707 Crucis
718 635 1004 705 militem
1044 657 1248 704 suum
1288 634 1656 704 illustravit
1686 647 1750 702 et
1780 635 2151 703 coronavit.
2189 635 2308 703 Cui
2344 634 2458 703 ille
2495 648 2682 704 tanta

116 730 372 799 statim
425 726 724 796 occurrit
771 747 929 794 cum
976 723 1435 812 jucunditate,
1470 723 1651 792 velut
1686 722 1740 791 si
1785 743 1917 792 non
1957 722 2282 792 dubitans
2313 722 2439 791 hoc
2476 745 2681 792 suum

118 838 297 886 vere
345 815 787 886 corollarium
840 836 1033 893 esse,
1097 813 1316 882 obviis
1369 811 1690 881 manibus
1749 810 1919 879 illud
1987 812 2329 880 videretur
2375 813 2684 901 excipere

121 920 201 977 et
254 906 519 974 dicere:
576 910 717 972 Mea
767 903 935 971 haec
988 923 1272 983 merce5‚
1330 923 1475 970 mea
1527 914 1628 968 est
1678 899 2059 969 retributio
2115 899 2452 970 Crucifixo
2502 899 2680 968 mili-

128 996 322 1065 tavi:
380 993 614 1063 Crucis
648 993 937 1084 gloriam
977 1012 1409 1080 recognosco.
1452 995 1696 1059 Raram
1738 1002 1855 1056 aut
1899 988 2158 1057 nullam
2197 984 2466 1058 eunctis
2509 1002 2684 1057 retro

131 1083 398 1153 diebus
449 1083 638 1150 visus
669 1079 1033 1149 admisisse
1069 1080 1417 1157 laetitiam,
1458 1078 1643 1147 omni
1679 1077 2005 1166 deinceps
2051 1077 2448 1178 proturbato
2495 1098 2680 1145 moe-

126 1194 297 1242 rore
330 1227 344 1252 ,
401 1192 688 1240 securus
729 1169 873 1257 jam
927 1169 1011 1237 de
1059 1191 1184 1238 sua
1235 1168 1830 1246 remuneratione,
1885 1167 2190 1253 quotidie
2238 1166 2570 1257 gratulari
2621 1177 2686 1234 et

130 1262 413 1331 dicere:
470 1265 569 1327 Me
617 1272 844 1328 autem
899 1269 1164 1348 oportet
1212 1258 1489 1346 gloriari
1544 1257 1608 1324 in
1676 1276 1880 1323 cruce
1941 1255 2205 1324 Domini
2258 1255 2473 1324 nostri
2520 1261 2683 1324 Jesu

130 1350 419 1420 Christi.
472 1356 639 1418 Jure
686 1369 847 1438 ergo
899 1348 965 1415 in
1020 1347 1256 1416 Crucis
1303 1346 1600 1434 desuper
1638 1344 2083 1413 descensione
2131 1357 2234 1412 est
2279 1344 2720 1435 mirabiliter¹

132 1438 596 1530 glorificatuS,
633 1438 750 1524 qui
801 1435 1114 1505 crucifixi
1147 1435 1299 1503 Filii
1338 1435 1449 1504 Dei
1483 1434 1795 1502 militiam
1838 1433 2209 1522 professus,
2246 1455 2403 1500 cum
2442 1432 2686 1500 trium·

130 1529 358 1619 phato
398 1528 543 1616 ,jam
597 1524 851 1605 seculo,
898 1524 1152 1593 diceret
1199 1547 1357 1593 cum
1398 1523 1715 1613 Apostolo
1747 1549 1759 1587 ε
1797 1524 1966 1590 Mihi
1993 1523 2281 1590 mundus
2320 1524 2688 1609 crucifioeus

129 1627 277 1697 est,
336 1627 400 1685 et
447 1639 566 1704 eqo
612 1615 900 1683 mundo:
969 1613 1219 1682 meruit
1278 1612 1518 1681 audire
1578 1635 1615 1679 a
1673 1612 1990 1679 Domino:
2039 1610 2272 1680 Gaude
2319 1622 2384 1679 et
2429 1609 2680 1691 exulta,

131 1712 349 1783 Bavo,
406 1705 569 1789 quia
621 1724 879 1771 merces
929 1715 1043 1771 tua
1091 1702 1368 1791 copiosa
1414 1715 1513 1768 est
1563 1702 1630 1768 in
1684 1698 1892 1768 coelo.

233 1798 271 1880 ξ
327 1797 474 1863 22.
530 1791 919 1860 Festinabat
970 1793 1239 1859 interim
1294 1802 1586 1879 tempuS‚
1640 1811 1777 1875 quo
1830 1788 2089 1878 palmes
2130 1788 2522 1858 Dominicae
2558 1809 2687 1876 pu-

143 1881 433 1952 tationis
484 1893 936 1971 purgaretur,
990 1893 1053 1948 et
1119 1881 1245 1948 flos
1305 1880 1422 1965 qui
1473 1890 1937 1968 apparuerat,
1991 1878 2073 1945 ad
2126 1875 2683 1965 componendum

147 1971 415 2040 summi
461 1969 707 2058 capitis
738 1982 991 2037 sertum
1021 1968 1492 2057 colligeretur:
1529 1990 1684 2035 eum
1720 1988 1875 2035 ecce
1955 1966 2248 2034 loriosus
2283 1965 2390 2034 Dei
2424 1963 2681 2033 athleta

141 2062 216 2128 in
258 2059 510 2126 lectum
564 2058 1016 2145 aegritudinis
1066 2057 1328 2138 incidit,
1382 2078 1588 2143 quam
1642 2069 1867 2124 tamen
1948 2077 2122 2145 onge
2155 2068 2310 2124 ante
2354 2053 2685 2143 praevidit

143 2160 213 2217 et
250 2145 609 2236 praedixit.
646 2146 1161 2236 ingravescebat
1189 2146 1442 2235 sensim
1481 2146 1793 2235 languor,
1826 2156 1888 2213 et
1925 2166 2341 2234 purpuream
2386 2142 2684 2232 paradisi

148 2235 405 2305 violam
459 2240 698 2305 Austro
747 2236 951 2305 flante
1000 2235 1272 2327 gelidus
1322 2234 1822 2323 repercutiebat
1874 2232 2122 2322 pallor:
2182 2254 2376 2302 orare
2427 2248 2680 2311 tamen,

145 2338 213 2394 et
255 2324 437 2393 lasso
477 2323 784 2393 anhelitu
833 2324 1007 2393 dura
1052 2325 1228 2393 inter
1266 2323 1565 2414 suspiria
1619 2344 1749 2392 non
1796 2322 2020 2403 aetati,
2078 2343 2208 2390 non
2265 2342 2542 2410 parcere
2582 2320 2687 2388 in-

144 2412 500 2482 firmitati:
557 2413 923 2483 Monachos
978 2430 1043 2482 et
1105 2412 1368 2504 plebem
1437 2434 1613 2498 quae
1677 2411 1996 2499 frequens
2045 2411 2301 2489 aderat,
2355 2409 2685 2499 castigato

146 2524 469 2571 sermone
517 2501 813 2571 hortari:
872 2503 1091 2571 laetus
1141 2503 1287 2591 ipse
1334 2516 1634 2571 caeteros
1686 2524 1894 2592 super
1941 2522 2011 2576 se
2061 2499 2407 2591 plorantes
2445 2521 2689 2568 conso-

150 2592 308 2661 lari.
367 2590 790 2680 Intelligeres
829 2612 985 2659 eum
1040 2613 1171 2659 non
1216 2592 1454 2671 emori,
1496 2591 1607 2660 sed
1657 2591 1975 2680 migrare,
2028 2603 2092 2658 et
2131 2590 2328 2677 quasi
2366 2609 2687 2678 praesen-

149 2694 287 2749 tem
342 2680 684 2750 Christum
740 2681 1141 2761 intueretur,
1174 2679 1455 2749 dissolvi
1483 2679 1894 2748 desiderare.
1933 2678 2362 2747 Familias-em
2396 2677 2687 2746 habebat

147 2767 575 2848 Domlinum,
626 2768 1150 2837 Thurholtensis
1196 2768 1523 2838 ecclesiae
1575 2770 2084 2869 presbyterum.
2124 2773 2336 2849 Quem
2371 2788 2527 2835 cum
2565 2764 2686 2832 de-

149 2857 485 2927 sideraret
509 2857 590 2924 ad
628 2856 1188 2944 colloquendum,
1221 2879 1350 2927 non
1383 2857 1579 2926 facile
1610 2870 1827 2946 potuit
1859 2856 2118 2925 haberi.
2152 2861 2290 2923 lter
2315 2854 2681 2944 prolixum,

147 2958 339 3014 vasta
367 2945 688 3025 solitudo,
716 2968 961 3016 nemus
996 2946 1513 3026 densissimum,
1541 2968 1670 3015 non
1707 2945 1975 3026 facilem
2010 2942 2442 3033 praestabant
2465 2954 2687 3010 trans-

147 3034 350 3104 itum.
408 3039 698 3104 Vocatur
744 3035 1075 3115 famulus,
1109 3049 1173 3104 et
1212 3036 1295 3104 ad
1335 3035 1830 3122 requirendum
1876 3055 2031 3101 eum
2071 3031 2681 3121 festinarejussuS‚

155 3122 527 3212 imperium
589 3145 724 3193 non
775 3137 1066 3205 recusat,
1120 3137 1184 3193 et
1232 3125 1368 3193 inci
1427 3126 1475 3193 it
1526 3123 1695 3192 velle
1746 3123 1841 3191 ire
1897 3142 2032 3207 quo
2084 3121 2451 3189 nesciebat.
2505 3118 2687 3188 Nihil

150 3211 548 3292 cunctanti,
604 3212 721 3281 sed
780 3213 865 3281 de
931 3214 1241 3303 magistri
1307 3213 1349 3282 fi
1405 3235 1440 3280 e
1512 3211 2012 3302 praesumenti,
2078 3210 2271 3279 adest
2318 3210 2687 3298 derepente

153 3300 451 3389 Angelus
503 3301 797 3381 Domini,
850 3302 978 3370 iter
1017 3302 1335 3383 ostendit,
1395 3302 1541 3392 ipse
1573 3300 1963 3378 comitatur,
2004 3298 2285 3368 Turholt
2324 3319 2543 3385 usque
2574 3297 2688 3365 de·

153 3389 343 3458 ducit
391 3403 456 3458 et
503 3391 808 3478 exposito
858 3393 1167 3479 negotio,
1226 3392 1701 3482 presbyterum
1765 3389 2058 3458 assumit
2102 3401 2166 3457 et
2215 3388 2681 3457 recomitatur.

159 3483 353 3547 Hunc
404 3479 505 3546 vir
563 3479 832 3548 Domini
883 3480 1059 3549 inter
1117 3479 1536 3567 loquendum
1591 3493 1928 3548 secretum
1972 3477 2236 3557 habuit,
2291 3498 2526 3546 curam
2580 3474 2692 3543 fu-

159 3567 341 3637 neris
389 3567 499 3635 sui
546 3580 622 3636 ut
674 3568 974 3650 haberet,
1029 3569 1367 3657 injunxit,
1435 3569 1585 3655 ejus
1637 3580 2056 3656 postremum
2108 3565 2332 3635 officio
2381 3585 2692 3634 commu-

160 3655 428 3724 nicavit.
486 3656 666 3724 Felix
722 3657 1269 3746 presbyterium,
1325 3656 1483 3725 felix
1533 3657 1738 3725 homo
1785 3655 1933 3735 ille,
1988 3656 2188 3744 cujus
2238 3676 2487 3723 manus
2538 3673 2693 3741 pre-

163 3744 599 3814 tiosissimam
652 3746 1212 3836 Deimargaritam
1267 3757 1669 3815 meruerunt
1722 3755 2099 3814 attrectare.

247 3835 280 3919 ξ
325 3837 475 3903 28.
532 3838 609 3902 Et
638 3833 780 3920 jam
835 3836 1095 3905 securis
1145 3835 1417 3904 divinae
1466 3834 1840 3904 vocationis
1879 3832 2227 3902 admoveri
2267 3832 2351 3901 ad
2389 3829 2691 3901 radicem

165 3921 633 3991 sanctissimae
680 3922 970 4004 arboria
1023 3946 1180 3994 cum
1232 3945 1387 3993 ecce
1430 3924 1754 3993 manibus
1792 3935 1857 3992 et
1905 3933 2039 3991 toto
2087 3944 2372 4011 corpore
2420 3921 2488 3989 in
2541 3939 2697 3987 coe-

167 4009 302 4077 lum
349 4012 671 4093 extensiS‚
726 4013 1041 4084 concives
1092 4035 1250 4083 suos
1301 4013 1725 4103 recognoscit
1753 4011 2067 4101 Angelos,
2099 4031 2478 4097 eorumque
2504 4005 2696 4077 dulci

164 4097 529 4170 delectatus
581 4102 991 4190 praesentia,
1046 4102 1226 4182 Vale,
1266 4103 1382 4182 ait,
1437 4124 1805 4190 servorum,
1845 4100 1959 4170 Dei
2000 4098 2343 4170 Ecclesia:
2384 4097 2695 4168 Christus

169 4187 384 4257 adest:
437 4190 760 4280 egredere
807 4191 877 4259 in
940 4213 1305 4260 occursum
1356 4191 1529 4282 ejuS,
1583 4192 1817 4259 anima
1868 4210 2042 4258 mea.
2098 4193 2172 4258 ln
2226 4188 2395 4258 haec
2444 4185 2690 4266 verba,

172 4277 478 4363 spiritum
530 4278 614 4348 de
648 4279 860 4369 hujus
909 4278 1115 4349 faecis
1165 4280 1307 4350 luto
1356 4303 1514 4350 cum
1567 4280 1884 4359 efflasset,
1933 4278 2428 4347 monachorum
2463 4275 2693 4346 statim

171 4365 359 4434 turba
409 4390 617 4458 super
663 4391 819 4438 eum
873 4369 1123 4450 irruit,
1191 4382 1256 4440 et
1304 4368 1821 4439 sanctissimum
1874 4388 2127 4457 corpus
2174 4364 2643 4435 deosculando
2674 4418 2690 4444 ,

176 4453 517 4543 publicum
572 4457 836 4528 luctum
888 4457 1079 4549 prior
1109 4458 1377 4550 incipit.
1414 4458 1658 4528 Aderat
1716 4456 1784 4524 in
1825 4457 2367 4546 praesentiarum
2413 4465 2698 4524 sanctus
