3347 4999
674 271 800 335 300
1261 288 1339 334 na
1388 287 1443 334 s.
1497 287 1806 335 Lunovico
1855 286 2220 334 summano
2268 285 2450 335 conr.
2862 268 3043 335 OCT.
3112 271 3165 334 9

589 372 936 464 profectus
981 384 1045 442 et
1097 393 1343 451 mores,
1399 371 1803 459 saepissime
1855 371 2357 460 pronunciavit.
2411 376 2579 440 Nam
2612 382 2679 440 et
2712 383 2987 441 sanctae
3020 378 3167 440 Te-

592 461 806 529 resiae
856 483 894 529 a
940 466 1107 531 Jesu
1158 482 1353 530 suam
1405 459 1961 528 Excalceatorum
2012 459 2491 529 claustralium
2561 472 2725 529 tunc
2775 459 3164 530 fundatam

590 551 1196 640 Congregationem
1233 549 1418 618 brevi
1452 549 1627 618 inter
1660 547 2068 618 illustriores
2094 561 2363 619 sanctae
2400 550 2738 618 Ecclesiae
2771 550 3167 638 religiones

586 639 695 726 (ut
744 640 965 727 reipsa
1015 639 1270 728 evenit)
1315 637 1950 706 connumerandam
2002 659 2151 706 esse
2183 638 2541 727 praedixit.
2585 638 2833 708 Tribus
2868 638 3163 728 regula-

589 727 782 798 ribus
817 729 1120 797 diversos
1157 729 1461 816 ipsorum
1516 749 1879 797 successus
1911 739 1975 795 et
2010 726 2204 806 fineS,
2248 739 2447 816 prout
2480 727 2662 796 conti
2715 740 2937 807 erunt,
2980 748 3163 816 pro-

590 818 971 886 nunciavit.
1028 818 1258 885 Virum
1314 814 1662 895 nobilem,
1721 815 1975 904 injuria
2023 814 2405 903 praelatum
2456 837 2659 901 quem
2717 838 2828 884 am
2890 836 3162 884 vexan-

593 919 750 987 tem,
797 906 1126 974 ultionem
1192 904 1460 973 Domini
1511 903 1698 972 brevi
1745 917 2223 992 exsperturum
2277 903 2417 972 fore
2447 903 2663 984 dixit,
2712 903 2897 991 quod
2949 926 3160 975 mors

589 996 738 1083 ejus
774 995 1127 1083 repentina
1163 1016 1200 1061 a
1247 993 1531 1062 Domino
1580 991 1920 1061 revelante
1968 993 2029 1060 ei
2083 1007 2316 1061 notum
2369 992 2581 1062 fuisse
2614 993 3152 1062 demonstravit.

589 1089 846 1151 Arcana
883 1083 1085 1150 etiam
1140 1081 1467 1170 plurima,
1522 1095 1659 1151 tam
1699 1082 1766 1149 in
1813 1082 2018 1151 rebus
2052 1081 2398 1170 corporeis
2431 1103 2639 1167 quam
2677 1082 2957 1150 secretis
2988 1104 3159 1151 cor-

590 1171 784 1238 dium
826 1170 1124 1250 latentia,
1182 1171 1370 1239 nuda
1416 1182 1480 1238 et
1535 1181 1771 1259 aperta
1819 1169 2030 1239 fuisse
2088 1169 2310 1239 oculis
2362 1171 2609 1239 mentis
2649 1170 2871 1259 ipsius
2918 1193 2955 1239 a
3005 1175 3155 1238 Deo

589 1258 982 1355 illustratae,
999 1259 1470 1348 (stupentibus
1502 1256 1861 1345 omnibus)
1897 1277 2118 1326 rerum
2156 1270 2438 1328 eventus
2478 1250 2749 1327 ostensa
2783 1259 2997 1328 fuisse
3030 1259 3157 1326 in-

590 1348 947 1428 dicarunt,
1017 1360 1220 1433 atque
1269 1348 1511 1415 in·hoc
1565 1346 1746 1415 dono
1804 1346 2204 1435 penetrandi
2265 1360 2524 1417 secreta
2578 1347 2894 1417 cordium
2943 1346 3157 1416 valde

591 1436 968 1526 singularis
995 1459 1073 1505 ac
1104 1435 1560 1505 admirandus
1589 1434 1741 1504 fuit.
1776 1434 1916 1503 Alia
1949 1457 2221 1522 quoque
2252 1435 2695 1526 quamplura,
2739 1435 3155 1506 naturaliter

589 1526 846 1615 ignota,
895 1538 1029 1595 tam
1073 1525 1278 1606 clare,
1323 1525 1645 1595 distincte
1692 1536 1755 1593 et
1802 1523 2135 1605 ordinate,
2180 1538 2381 1613 prout
2433 1538 2629 1595 erant
2673 1540 2793 1594 aut
2823 1537 2974 1594 acta
3020 1536 3155 1594 aut

590 1614 907 1702 cogitata,
951 1615 1344 1694 enarravit,
1397 1625 1474 1685 ut
1533 1613 1758 1690 solum
1824 1618 1955 1682 Deo
2009 1613 2347 1683 revelante
2386 1614 2553 1683 haec
2603 1613 2701 1682 illi
2753 1613 3151 1684 innotuisse

589 1718 1017 1792 compertum
1055 1702 1282 1772 fuerit.
2858 1712 2864 1717 ’

680 1800 717 1873 ἓ
768 1797 901 1864 18.
956 1793 1184 1861 Virtus
1231 1792 1382 1880 ejus
1436 1791 1504 1859 in
1560 1803 1695 1860 toto
1750 1790 2050 1861 decursu
2105 1791 2279 1861 vitae
2333 1812 2373 1859 a
2424 1796 2554 1860 Deo
2616 1790 3148 1863 infirmitatibus

589 1880 760 1950 adeo
822 1882 1109 1949 mirifice
1177 1879 1706 1969 perficiebatur,
1773 1892 1846 1949 ut
1909 1880 2209 1950 assiduis
2268 1879 2711 1969 passionibus
2769 1878 3146 1950 tolerandis

591 1992 838 2058 magna
879 1968 976 2036 illi
1016 1968 1336 2058 patientia
1377 1990 1554 2058 opus
1593 1968 1800 2038 fuerit
1832 1992 1847 2048 ;
1886 1969 1954 2037 in
1991 1968 2462 2058 complexione
2493 1969 2675 2038 enim
2714 1969 2937 2057 ipsius
2972 1969 3144 2039 satis

589 2057 879 2127 delicata
922 2079 1054 2126 non
1092 2057 1314 2127 solum
1391 2059 1667 2127 ›otentia
1716 2058 1930 2127 visiva
1986 2080 2228 2146 parum
2283 2057 2516 2126 valens
2563 2071 2628 2126 et
2674 2056 2958 2127 auditus
3008 2058 3146 2125 im-

591 2147 933 2237 perfectus
972 2147 1214 2226 inerat,
1269 2080 1390 2217 secl
1434 2148 1636 2216 etiam
1701 2146 2014 2215 horribili
2066 2146 2293 2217 ulcere
2333 2148 2401 2213 in
2446 2167 2647 2215 crure
2707 2168 2827 2247 per
2883 2145 3145 2215 multos

590 2257 809 2304 annos
851 2248 914 2303 et
962 2236 1124 2304 verti
1181 2236 1291 2303 ine
1322 2237 1568 2325 capitis
1612 2234 2045 2304 vehementer
2089 2234 2549 2304 cruciabatur.
2601 2240 2778 2316 Quin
2821 2247 2888 2303 et
2926 2234 3145 2304 visce-

597 2345 748 2391 rum
793 2324 1018 2411 pravis
1066 2346 1100 2392 a
1160 2324 1543 2394 ectionibus
1596 2336 1662 2392 et
1714 2323 1868 2394 aliis
1917 2324 2203 2392 occultis
2251 2323 2794 2403 infirmitatibus,
2843 2323 3145 2391 maxime

591 2433 713 2502 per
750 2412 1102 2480 biennium
1138 2427 1293 2481 ante
1324 2413 1614 2491 obitum,
1655 2412 1847 2481 'velut
1880 2433 2126 2480 aurum
2172 2412 2237 2480 in
2277 2411 2550 2481 fornace
2591 2411 2903 2502 probavit
2937 2411 3142 2480 illum

591 2501 947 2581 Dominus,
991 2502 1225 2570 animo
1259 2503 1355 2571 sic
1398 2502 1650 2571 invicto
1698 2502 1931 2571 omnia
1974 2501 2319 2581 tolerante,
2359 2514 2433 2571 ut
2466 2501 2856 2588 frequenter
2878 2523 2957 2571 ex
2987 2502 3144 2591 ejus

591 2613 706 2659 orc
739 2591 939 2674 verba
974 2590 1272 2660 doctoris
1306 2603 1580 2660 sanctae
1613 2590 1951 2660 Ecclesiae
1979 2591 2348 2679 Augustini
2382 2602 2779 2660 resonarent
2810 2615 2824 2659 ε
2863 2593 3143 2660 Domine

592 2680 698 2748 hic
752 2702 893 2757 ure,
954 2680 1061 2748 hic
1108 2702 1300 2759 seca,
1357 2680 1487 2759 hic,
1543 2703 1675 2748 non
1719 2701 1988 2769 parcas,
2051 2690 2125 2747 ut
2175 2682 2244 2750 in
2297 2689 2644 2748 aeternum
2689 2702 2955 2770 parca-5.
3010 2680 3142 2749 Ubi

593 2768 892 2857 primum
919 2767 1455 2848 convalescebat,
1484 2768 1568 2836 ad
1602 2767 2144 2837 mortificationis
2165 2780 2229 2836 et
2250 2768 2719 2838 observantiae
2745 2768 3140 2838 communis

590 2856 908 2925 exercitia
950 2857 1450 2938 revertebatur,
1497 2857 1768 2927 cunctis
1820 2878 1893 2926 se
1930 2855 2502 2927 oblectationibus
2548 2870 2613 2926 et
2658 2855 3142 2925 convalescen-

591 2945 761 3013 tium
800 2945 1260 3016 levaminibus
1298 2957 1538 3035 sponte
1575 2946 1876 3036 privans,
1930 2945 2086 3013 aliis
2121 2944 2419 3014 infirmis
2449 2945 2673 3015 oblata
2707 2946 2842 3016 sibi
2878 2944 3139 3014 fercula

590 3047 834 3103 cuncta
888 3035 1354 3122 partiebatur,
1407 3035 1578 3121 quin
1625 3047 1691 3104 et
1737 3056 1901 3104 saxo
1956 3033 2381 3104 decumbens
2436 3034 2564 3104 sub
2612 3033 3139 3103 linteaminibus

591 3124 812 3210 posito
844 3144 1099 3212 corpus
1135 3137 1445 3210 torquere
1478 3135 1950 3203 consueverat,
1997 3123 2236 3192 dicens
2267 3135 2523 3193 arctam
2563 3144 2712 3192 esse
2747 3123 2925 3192 viam
2959 3143 3140 3209 quae

590 3210 782 3278 ducit
830 3210 914 3278 ad
951 3213 1183 3279 vitam.

681 3300 717 3384 ἓ
766 3304 915 3369 19.
997 3301 1105 3368 Sic
1166 3298 1586 3368 infirmando
1635 3298 1873 3369 fortior
1929 3320 2201 3400 semper
2258 3300 2613 3380 redditus,
2675 3297 2957 3390 agnovit
3001 3297 3136 3368 sibi

590 3386 848 3455 instare
895 3386 1456 3477 adimpletionem
1505 3388 1725 3457 divini
1777 3388 2125 3477 promissi,
2171 3389 2353 3476 quod
2404 3388 2566 3457 olim
2636 3388 2703 3456 in
2777 3387 2947 3457 festo
2987 3409 3140 3456 san·

590 3488 737 3545 ctae
788 3475 1189 3545 Catharinae
1226 3476 1512 3566 virginis
1558 3489 1623 3546 et
1658 3476 1985 3567 martyris
2033 3477 2445 3558 obtinuerat,
2484 3476 2762 3562 quando
2795 3498 2876 3546 ex
2910 3476 3135 3547 medio

592 3585 886 3652 magnae
937 3563 1112 3633 lucis
1159 3587 1493 3654 sponsum
1534 3566 1596 3634 ei
1643 3564 1773 3636 fuit
1823 3564 2096 3634 tandem
2146 3587 2224 3635 ex
2276 3565 2385 3634 his
2433 3565 2735 3634 tenebris
2784 3566 2854 3633 in
2908 3564 3134 3635 lucem

590 3652 780 3721 illam
833 3666 1205 3734 aeternam,
1259 3676 1434 3740 quae
1469 3652 1648 3723 lucet
1688 3655 1946 3724 sanctis
1980 3654 2095 3722 Dei
2149 3654 2217 3722 in
2246 3667 2627 3744 perpetuas
2675 3653 3134 3737 aeternitateS‚

593 3741 1035 3831 migrandum
1088 3763 1261 3813 esse.
1302 3748 1463 3812 Nam
1510 3742 1688 3827 inter
1738 3743 2007 3814 labores
2054 3743 2465 3812 concionum
2527 3743 2763 3812 morbo
2821 3743 3137 3833 ingrave-

594 3841 846 3911 scente,
892 3830 1202 3902 febribus
1249 3831 1600 3913 decubuit,
1640 3845 1704 3903 et
1738 3842 2189 3923 suscepturus
2227 3853 2348 3921 pro
2380 3831 2628 3902 viatico
2659 3831 3137 3902 sanctissimae

592 3920 1062 3989 Eucharistiae
1110 3932 1646 4002 sacramentum,
1692 3920 2130 3991 devotissime
2166 3943 2298 3990 non
2338 3920 2489 3990 sine
2538 3920 2776 3989 multis
2817 3921 3142 4008 lacrymis

590 4021 866 4077 sanctae
895 4008 1056 4077 fidei
1090 4009 1466 4078 catholicae
1496 4023 1888 4079 accuratam
1924 4009 2413 4099 professionem
2446 4009 2710 4088 emisit;
2749 4008 3143 4098 imploravit

588 4096 790 4164 etiam
834 4095 1332 4168 ferventissime
1383 4098 1650 4167 Domini
1703 4099 1916 4167 nostri
1962 4099 2124 4168 ,lesu
2174 4098 2419 4169 Christi
2470 4096 2808 4168 auxilium
2862 4111 2929 4167 et
2977 4119 3140 4168 san-

588 4185 937 4254 ctissimae
972 4186 1272 4276 Virginis
1307 4187 1633 4276 Deiparae
1669 4187 2157 4275 patrocinium,
2214 4209 2476 4257 necnon
2528 4187 2823 4257 aliorum
2863 4191 3140 4257 Sancto-

590 4294 770 4350 rum,
825 4287 888 4343 et
940 4276 1305 4364 praecipue
1355 4276 1460 4344 sui
1511 4275 1813 4370 Ordinis,
1867 4297 2324 4366 expressoque
2373 4278 2655 4346 nomine
2703 4276 2923 4346 sancti
2975 4276 3138 4344 Vin-

587 4364 792 4431 centii
827 4363 1138 4444 Ferrerii,
1179 4362 1576 4451 subjunxit:
1630 4369 1834 4434 Pater
1860 4368 1978 4446 mi,
2035 4387 2271 4435 currus
2302 4368 2521 4436 Israel
2553 4377 2616 4436 et
2662 4364 2916 4455 auriqa
2963 4365 3131 4454 ejus.
