3347 4999
181 336 355 404 OCT.
410 336 494 401 25
760 352 839 398 οε
898 350 988 397 SS.
1041 344 1231 395 mar.
1285 345 1571 394 cmsrtno
1617 346 1695 392 ΕΤ
1740 343 2139 393 cnisrimmo
2497 327 2612 395 72⁴

273 443 309 526 ξ
355 443 442 511 5.
504 441 800 507 Cernens
844 433 1106 523 impius
1140 432 1565 502 Rictiovarus
1613 451 1686 499 se
1734 430 1907 499 nibil
1960 432 2106 500 suis
2152 431 2417 502 efficere
2449 434 2716 524 suppli·

183 529 334 608 ciis,
389 526 808 596 furibundus
866 524 934 592 in
985 523 1210 623 ignem
1264 542 1411 589 sese
1462 519 1884 607 praecipitat,
1943 531 2007 588 et
2060 519 2174 589 tali
2224 535 2438 592 morte
2487 523 2630 593 abit
2679 545 2718 592 e

189 619 346 696 vita,
382 616 570 703 justo
602 614 882 701 quidem
922 616 1034 680 Det
1081 609 1389 698 judicio:
1444 621 1520 677 ut
1582 608 1702 695 qui
1753 608 2008 676 multos
2056 609 2300 679 Christi
2352 624 2709 702 martyres,

183 706 267 776 ad
321 705 638 775 coelestia
689 723 897 793 regna
951 721 1071 788 pro
1095 711 1413 778 ierantes‚
1453 698 1734 787 ignibus
1780 697 2204 768 excruciatos
2254 699 2710 781 interemerat,

190 796 336 883 ipse
383 794 468 862 ad
518 792 774 862 aeterni
835 791 854 857 i
914 790 1019 857 nis
1118 808 1385 856 ammas
1433 785 1996 874 inextinguibiles
2031 841 2046 868 ‚
2101 787 2259 887 igne
2325 789 2710 870 extinctus,

193 882 762 973 proficisceretur.
817 884 844 948 Ι
933 877 1308 966 conspicati
1344 875 1627 945 victores
1661 879 2010 963 Martyres,
2054 875 2184 964 pits
2223 877 2475 946 animis
2506 882 2714 946 Deum

181 986 410 1051 orant,
462 983 541 1040 ut
587 970 775 1061 ipsos
820 966 906 1035 de
953 965 1352 1035 certaminis
1396 964 1902 1033 conflictatione
1940 977 2237 1052 ereptOS‚
2284 967 2525 1054 jubeat
2566 988 2718 1056 pro-

188 1061 404 1162 pitius
436 1060 520 1128 ad
558 1080 629 1127 se
665 1055 1037 1148 pervenire.
1076 1053 1323 1124 Eadem
1364 1067 1591 1122 autem
1635 1066 1832 1122 nocte
1867 1052 2201 1123 revelatur
2225 1055 2323 1123 eis
2356 1056 2712 1135 divinituS,

189 1149 631 1218 illucescente
706 1146 817 1214 die
883 1155 1321 1235 percepturos
1375 1163 1489 1211 eos
1556 1142 1870 1211 laborum
1919 1155 1983 1211 et
2047 1143 2498 1213 confessionis
2552 1164 2719 1214 suae

190 1238 602 1328 praemium.
645 1234 981 1304 visionem
1017 1253 1243 1301 veram
1305 1230 1548 1310 fuisse,
1605 1231 1699 1299 rei
1759 1252 1907 1299 mox
1977 1230 2350 1301 declaravit
2408 1247 2712 1304 eventus.

191 1326 648 1395 Maximianus
679 1323 862 1391 enim
914 1322 1035 1391 ubi
1061 1320 1324 1398 didicit,
1362 1319 1527 1406 quid
1565 1319 1947 1389 Rictiovaro
1995 1342 2121 1390 suo
2153 1321 2535 1404 accidisset,
2565 1342 2720 1391 san·

185 1429 334 1485 ctos
384 1419 708 1513 Martyres
762 1410 1102 1501 praecepit
1157 1410 1378 1498 capite
1415 1407 1668 1497 puniri.
1726 1408 1843 1478 Ini-
1894 1408 2023 1477 sub
2069 1410 2218 1498 ipso
2269 1413 2505 1480 mortis
2553 1411 2719 1480 arti·-

187 1504 353 1572 culo
400 1515 656 1594 gratias
689 1512 904 1590 agunt
954 1503 1107 1579 Deo,
1159 1497 1339 1584 quod
1393 1520 1432 1566 a
1483 1496 1719 1566 seculo
1762 1509 2053 1587 ereptos.
2113 1499 2196 1567 ad
2250 1521 2319 1569 se
2370 1501 2556 1589 ipsos
2606 1500 2720 1587 ju-

191 1593 348 1661 beat
408 1590 784 1680 pervenire;
838 1588 1071 1674 sicque
1117 1587 1342 1680 capite
1389 1586 1594 1668 caesi,
1656 1599 1891 1656 octavo
1954 1585 2277 1657 calendas
2324 1588 2723 1660 Novembris

187 1678 536 1750 decedunt
580 1700 618 1748 e
652 1679 784 1747 vita
814 1677 870 1743 ⁸.

272 1771 321 1926 ἓ
366 1775 459 1840 θ.
514 1773 809 1857 Corpora
854 1786 1087 1836 eorum
1127 1763 1360 1832 relicta
1394 1776 1556 1833 sunt
1601 1764 1895 1834 canibus
1928 1776 1993 1834 et
2025 1765 2268 1834 avibus
2302 1765 2714 1847 devoranda,

193 1880 266 1926 se
366 1858 737 1926 Christoea
770 1853 1217 1932 custodiente,
1275 1851 1447 1921 nibil
1492 1852 1650 1920 mali
1706 1874 1902 1943 passa
1956 1865 2138 1922 sunt.
2194 1854 2441 1923 Eadem
2493 1868 2719 1924 autem

196 1958 415 2025 nocte,
459 1949 536 2015 u't
581 1945 834 2025 ferunt,
865 1963 1064 2012 senex
1097 1940 1377 2028 quidam
1431 1963 1714 2030 pauper,
1752 1943 1864 2011 cui
1900 1956 2043 2011 erat
2086 1964 2278 2012 soror
2308 1942 2719 2033 grandaeva,

193 2035 285 2104 ab
314 2034 565 2125 Angelo
595 2033 1026 2111 admonetur,
1078 2043 1155 2099 ut
1205 2042 1597 2098 sanctorum
1652 2035 2023 2129 Martyrum
2076 2053 2359 2120 corpora
2420 2032 2719 2123 colligat,

195 2123 510 2213 diligenti
545 2144 709 2192 cura
747 2119 1139 2210 sepulturae
1171 2116 1584 2188 mandanda.
1642 2121 1874 2208 Surgit
1907 2140 2107 2188 senex
2138 2120 2307 2189 nihil
2351 2121 2721 2200 haesitans,

195 2212 342 2281 abit
388 2234 545 2281 cum
611 2209 834 2279 vetula
906 2228 1136 2277 sorore
1206 2229 1327 2274 sua
1378 2205 1459 2274 ad
1516 2205 1741 2274 locum
1809 2209 2166 2295 martyrii;
2218 2222 2282 2279 et
2329 2210 2492 2296 quia
2539 2208 2723 2298 apud

199 2306 496 2368 Axonam
542 2299 827 2367 fluvium
865 2302 1190 2384 Martyres
1243 2296 1573 2383 perempti
1608 2305 1825 2377 erant,
1879 2295 2079 2366 facile
2128 2311 2439 2387 poterant
2486 2321 2722 2368 eorum

196 2409 485 2477 corpora
538 2386 810 2474 navigio
868 2383 1152 2475 perduci
1209 2383 1292 2452 ad
1355 2404 1593 2452 eorum
1642 2382 2100 2454 domicilium.
2156 2387 2281 2456 Sed
2331 2387 2497 2474 quid
2550 2387 2727 2456 face·

200 2489 352 2544 rent
398 2477 603 2545 rebus
645 2475 906 2562 inopes,
976 2472 1238 2543 viribus
1273 2471 1621 2553 imbecilli,
1678 2474 1934 2560 quibus
1984 2496 2107 2545 nec
2162 2476 2411 2565 cymba
2466 2477 2722 2556 aderat,

206 2586 327 2633 nec
364 2563 730 2653 navigandi
781 2562 1143 2640 industria,
1183 2582 1308 2631 nec
1340 2560 1630 2632 facultas
1671 2563 1945 2644 virium,
1994 2568 2127 2650 qua
2174 2577 2448 2653 possent
2493 2580 2731 2635 contra

202 2666 495 2723 tractum
545 2652 858 2722 fluminis
906 2673 985 2720 ea
1018 2651 1101 2719 ad
1137 2672 1209 2719 se
1242 2650 1625 2720 adducere?
1659 2652 1782 2722 Ubi
1821 2652 2092 2722 tandem
2132 2667 2336 2723 noctu
2386 2654 2470 2723 ad
2531 2676 2727 2722 sacra

201 2763 566 2844 ,pervenere
613 2759 923 2830 corpora,
971 2762 1254 2829 prorsus
1300 2740 1578 2819 intacta,
1645 2760 1803 2809 ecce
1853 2740 2238 2810 naviculam
2290 2742 2733 2830 conspiciunt

202 2854 271 2900 in
327 2831 541 2911 litore,
585 2850 872 2916 moxque
909 2828 1122 2897 multa
1160 2841 1484 2920 concepta
1526 2827 1779 2897 fiducia
1829 2828 2091 2930 singuli
2127 2831 2400 2919 singula
2452 2830 2725 2909 tollunt,

197 2932 268 2989 et
322 2932 457 2989 tam
510 2919 843 2989 inoffenso
948 2917 1310 2987 radiuntur
1370 2918 1585 3006 pede,
1639 2929 1714 2986 ut
1761 2917 1975 2985 vidert
2043 2919 2305 3007 possint
2351 2942 2486 2989 non
2559 2918 2733 2987 ferre

197 3031 434 3091 onera,
487 3009 604 3078 sed
668 3007 827 3077 ferri
868 3029 905 3075 a
1001 3005 1354 3085 oneribus;
1410 3006 1775 3095 imponunt
1825 3006 2179 3076 naviculae
2224 3029 2535 3097 corpora,
2571 3020 2736 3076 eunt

202 3119 481 3168 sursum
522 3109 758 3168 contra
798 3096 1131 3185 impetum
1168 3095 1503 3174 fluminis,
1542 3106 1606 3163 et
1653 3093 2311 3180 quidemceleriter,
2370 3096 2562 3165 nullo
2618 3117 2735 3164 ne-

195 3207 337 3274 que
372 3186 849 3276 gubernatore,
894 3205 1114 3270 neque
1154 3185 1410 3273 remige
1448 3181 1638 3251 freti:
1690 3196 2048 3271 postquam
2100 3185 2180 3253 ad
2244 3207 2447 3254 suum
2490 3206 2735 3254 venere

206 3275 589 3363 tugurium,
634 3273 809 3343 clam
862 3271 1002 3341 illic
1036 3292 1114 3339 ea
1148 3293 1305 3340 cum
1367 3270 1582 3340 multo
1630 3271 1884 3359 gaudio
1933 3273 2297 3361 sepeliunt.
2350 3278 2558 3343 Nemo
2589 3295 2735 3343 am-

201 3363 378 3451 bigit
432 3362 609 3430 banc
659 3362 972 3429 virtutem
1025 3359 1309 3428 senibus
1357 3382 1394 3428 a
1455 3359 1719 3429 Christo
1783 3360 2285 3451 suppeditatam
2331 3364 2401 3432 in
2443 3363 2734 3452 gloriam

203 3457 577 3538 Martyrum
617 3469 929 3529 suorum,
967 3448 1087 3534 qui
1135 3450 1283 3535 ejus
1331 3450 1541 3517 causa
1604 3447 1893 3518 libenter
1935 3464 2219 3520 mortem
2271 3453 2609 3544 pertulere
2665 3452 2734 3519 in

203 3541 336 3610 hoc
386 3536 671 3616 mundo,
726 3557 1035 3624 quosque
1093 3536 1209 3604 ille
1256 3536 1627 3606 servandos
1673 3536 1924 3607 futuris
1975 3539 2294 3611 fidelibus
2338 3540 2612 3630 populis
2663 3540 2732 3608 in

256 3626 695 3707 atrocinium‚
750 3646 993 3695 senum
1046 3624 1322 3693 illorum
1389 3625 1769 3695 ministerio
1818 3628 2176 3717 paululum
2229 3630 2572 3699 occultare
2627 3651 2741 3697 vo-

236 3718 382 3787 uit:
438 3738 618 3796 mox,
669 3726 1000 3792 cessante,
1041 3713 1264 3803 ipsius
1313 3714 1541 3802 jussu,
1597 3717 2091 3805 persecutionis
2138 3730 2571 3809 tempestate,
2625 3737 2741 3786 eos

206 3805 658 3884 revelaturuS,
695 3804 872 3873 sicut
903 3816 969 3873 et
1000 3801 1181 3872 fecit.

299 3902 340 3977 ἓ
385 3898 463 3966 2.
519 3898 724 3962 Senes
771 3892 955 3961 enim
1006 3890 1110 3960 illi
1173 3891 1569 3962 thesaurum
1613 3892 1844 3976 hunc,
1895 3914 2096 3982 quem
2161 3897 2395 3986 impiis
2455 3896 2741 3965 abscon-

203 3982 474 4064 derant,
533 3981 859 4051 fidelibus
917 4002 1075 4050 cum
1143 3981 1402 4071 ingenti
1461 3981 1817 4051 devotione
1879 3984 2368 4072 prodiderunt,
2438 3985 2745 4055 dicentes

212 4071 509 4162 Crispini
565 4081 632 4140 et
678 4068 1092 4158 Crispiniani
1164 4075 1536 4160 Martyrum
1609 4092 1897 4161 corpora
1958 4095 2029 4142 se
2086 4074 2336 4144 habere
2397 4072 2746 4143 recondita

211 4161 284 4230 in
334 4160 609 4250 tugurio
655 4181 805 4230 suo,
861 4163 1006 4228 Mox
1057 4180 1251 4241 vero,
1304 4164 1384 4229 ea
1448 4182 1518 4229 re
1576 4161 1892 4251 cognita,
1960 4161 2183 4233 fidelis
2244 4162 2541 4254 populus
2593 4163 2745 4252 piae

267 4356 294 4384 ¹·
320 4358 451 4399 Pausi
477 4358 700 4399 dlountur
731 4367 838 4398 cum
862 4356 948 4397 Es.
984 4353 1199 4405 Crispino
1230 4357 1279 4396 et
1297 4356 1587 4406 crispiniano
1607 4358 1915 4408 autquinque
1935 4359 1993 4399 ab
2010 4360 2126 4409 ipsis
2147 4361 2203 4401 ad
2223 4362 2384 4402 Fidem
2411 4360 2642 4406 conversi,
2661 4360 2746 4400 aci·

212 4407 349 4451 ficet:
380 4412 678 4457 Claudi-nun,
699 4411 927 4462 Papirius,
945 4410 1219 4455 Mercurius.
1238 4411 1444 4450 caristus
1459 4412 1507 4449 et
1521 4412 1820 4459 Rogatianum
1842 4414 1986 4454 Nemo
2006 4419 2164 4455 nutem
2178 4412 2363 4466 ἐμοι-ιι
2380 4416 2456 4456 SS.
2481 4415 2749 4465 Crispinum

208 4465 264 4505 et
283 4462 628 4515 crispinianum
647 4467 697 4505 iu
716 4466 831 4505 »rtis
853 4465 1059 4505 sutoriae
1077 4464 1295 4513 opificum
1314 4466 1538 4513 patronos
1559 4469 1828 4516 assumptos
1851 4467 2013 4510 fuisse.

373 4547 612 4603 surius
640 4575 663 4589 ·
706 4544 865 4607 Vitae
894 4545 996 4610 SS.
1028 4578 1055 4591 ·
1083 4544 1215 4608 vot.
1247 4544 1319 4606 X.
2515 4543 2592 4603 4ss
