<?xml version="1.0" encoding="UTF-8"?>
<!DOCTYPE html PUBLIC "-//W3C//DTD XHTML 1.0 Transitional//EN"
    "http://www.w3.org/TR/xhtml1/DTD/xhtml1-transitional.dtd">
<html xmlns="http://www.w3.org/1999/xhtml" xml:lang="en" lang="en">
 <head>
  <title>
</title>
<meta http-equiv="Content-Type" content="text/html;charset=utf-8" />
  <meta name='ocr-system' content='tesseract 3.04.00' />
  <meta name='ocr-capabilities' content='ocr_page ocr_carea ocr_par ocr_line ocrx_word'/>
</head>
<body>
  <div class='ocr_page' id='page_1' title='image "./historiaeseuvit03lippgoog_0011.png"; bbox 0 0 3347 4999; ppageno 0'>
   <div class='ocr_carea' id='block_1_1' title="bbox 1212 427 1910 543">
    <p class='ocr_par' dir='ltr' id='par_1_1' title="bbox 1212 427 1910 543">
     <span class='ocr_line' id='line_1_1' title="bbox 1212 427 1910 543; baseline -0.001 0"><span class='ocrx_word' id='word_1_1' title='bbox 1212 427 1910 543; x_wconf 84' lang='lat' dir='ltr'>OGTOBER</span> 
     </span>
    </p>
   </div>
   <div class='ocr_carea' id='block_1_2' title="bbox 511 888 2607 993">
    <p class='ocr_par' dir='ltr' id='par_1_2' title="bbox 511 888 2607 993">
     <span class='ocr_line' id='line_1_2' title="bbox 511 888 2607 993; baseline 0.004 -9"><span class='ocrx_word' id='word_1_2' title='bbox 511 888 746 988; x_wconf 85' lang='lat' dir='ltr'>VITA</span> <span class='ocrx_word' id='word_1_3' title='bbox 812 888 893 988; x_wconf 91' lang='lat' dir='ltr'>S.</span> <span class='ocrx_word' id='word_1_4' title='bbox 967 888 1360 989; x_wconf 78' lang='lat' dir='ltr'>REfflGn</span> <span class='ocrx_word' id='word_1_5' title='bbox 1439 888 1895 990; x_wconf 82' lang='lat' dir='ltr'>RHEMOR.</span> <span class='ocrx_word' id='word_1_6' title='bbox 1970 889 2607 993; x_wconf 81' lang='lat' dir='ltr'>ARCHIEPISC.</span> 
     </span>
    </p>
   </div>
   <div class='ocr_carea' id='block_1_3' title="bbox 1061 1110 2052 1180">
    <p class='ocr_par' dir='ltr' id='par_1_3' title="bbox 1061 1110 2052 1180">
     <span class='ocr_line' id='line_1_3' title="bbox 1061 1110 2052 1180; baseline 0.002 -4"><span class='ocrx_word' id='word_1_7' title='bbox 1061 1112 1161 1176; x_wconf 89' lang='lat' dir='ltr'>ET</span> <span class='ocrx_word' id='word_1_8' title='bbox 1210 1110 1605 1179; x_wconf 77' lang='lat' dir='ltr'>FRANCOR.</span> <span class='ocrx_word' id='word_1_9' title='bbox 1662 1111 2052 1180; x_wconf 82' lang='lat' dir='ltr'>APOSTOLI</span> 
     </span>
    </p>
   </div>
   <div class='ocr_carea' id='block_1_4' title="bbox 632 1306 2484 1376">
    <p class='ocr_par' dir='ltr' id='par_1_4' title="bbox 632 1306 2484 1376">
     <span class='ocr_line' id='line_1_4' title="bbox 632 1306 2484 1376; baseline 0.002 -2"><span class='ocrx_word' id='word_1_10' title='bbox 632 1324 945 1374; x_wconf 67' lang='lat' dir='ltr'>semen</span> <span class='ocrx_word' id='word_1_11' title='bbox 1005 1325 1095 1372; x_wconf 78' lang='lat' dir='ltr'>AB</span> <span class='ocrx_word' id='word_1_12' title='bbox 1156 1323 1542 1374; x_wconf 56' lang='lat' dir='ltr'>ausemano</span> <span class='ocrx_word' id='word_1_13' title='bbox 1606 1326 1782 1373; x_wconf 73' lang='lat' dir='ltr'>mm</span> <span class='ocrx_word' id='word_1_14' title='bbox 1844 1318 2078 1374; x_wconf 67' lang='lat' dir='ltr'>anau.</span> <span class='ocrx_word' id='word_1_15' title='bbox 2148 1326 2400 1376; x_wconf 66' lang='lat' dir='ltr'>muse.</span> <span class='ocrx_word' id='word_1_16' title='bbox 2450 1306 2484 1341; x_wconf 65' lang='lat'>’⁶</span> 
     </span>
    </p>
   </div>
   <div class='ocr_carea' id='block_1_5' title="bbox 818 1498 2307 1573">
    <p class='ocr_par' dir='ltr' id='par_1_5' title="bbox 818 1498 2307 1573">
     <span class='ocr_line' id='line_1_5' title="bbox 818 1498 2307 1573; baseline 0.003 -13"><span class='ocrx_word' id='word_1_17' title='bbox 818 1505 1017 1560; x_wconf 76' lang='lat' dir='ltr'>Anno</span> <span class='ocrx_word' id='word_1_18' title='bbox 1043 1498 1239 1572; x_wconf 78' lang='lat' dir='ltr'>migr.</span> <span class='ocrx_word' id='word_1_19' title='bbox 1273 1503 1560 1573; x_wconf 54' lang='lat' dir='ltr'>probab.</span> <span class='ocrx_word' id='word_1_20' title='bbox 1593 1505 1717 1559; x_wconf 81' lang='lat'>532</span> <span class='ocrx_word' id='word_1_21' title='bbox 1743 1532 1822 1544; x_wconf 94' lang='lat'>—</span> <span class='ocrx_word' id='word_1_22' title='bbox 1850 1504 2009 1561; x_wconf 78' lang='lat' dir='ltr'>Nat.</span> <span class='ocrx_word' id='word_1_23' title='bbox 2039 1504 2307 1566; x_wconf 79' lang='lat' dir='ltr'><strong>Gallus,</strong></span> 
     </span>
    </p>
   </div>
   <div class='ocr_carea' id='block_1_6' title="bbox 282 1684 2834 4174">
    <p class='ocr_par' dir='ltr' id='par_1_6' title="bbox 291 1684 2830 1935">
     <span class='ocr_line' id='line_1_6' title="bbox 376 1684 2830 1780; baseline 0.001 -22"><span class='ocrx_word' id='word_1_24' title='bbox 376 1692 776 1758; x_wconf 75' lang='lat' dir='ltr'>Pnoocmtm.</span> <span class='ocrx_word' id='word_1_25' title='bbox 831 1685 1269 1765; x_wconf 77' lang='lat' dir='ltr'>Hincinaru3‚</span> <span class='ocrx_word' id='word_1_26' title='bbox 1322 1684 1603 1754; x_wconf 92' lang='lat' dir='ltr'>nomine</span> <span class='ocrx_word' id='word_1_27' title='bbox 1649 1705 1787 1754; x_wconf 90' lang='lat' dir='ltr'>non</span> <span class='ocrx_word' id='word_1_28' title='bbox 1838 1686 2079 1755; x_wconf 91' lang='lat' dir='ltr'>merito</span> <span class='ocrx_word' id='word_1_29' title='bbox 2126 1686 2510 1777; x_wconf 80' lang='lat' dir='ltr'>episcopuS,</span> <span class='ocrx_word' id='word_1_30' title='bbox 2555 1711 2636 1760; x_wconf 93' lang='lat' dir='ltr'>ac</span> <span class='ocrx_word' id='word_1_31' title='bbox 2685 1690 2830 1780; x_wconf 91' lang='lat' dir='ltr'>ple-</span> 
     </span>
     <span class='ocr_line' id='line_1_7' title="bbox 291 1772 2828 1871; baseline 0.002 -24"><span class='ocrx_word' id='word_1_32' title='bbox 291 1777 399 1847; x_wconf 89' lang='lat' dir='ltr'>bis</span> <span class='ocrx_word' id='word_1_33' title='bbox 448 1776 563 1845; x_wconf 89' lang='lat' dir='ltr'>Dei</span> <span class='ocrx_word' id='word_1_34' title='bbox 610 1773 953 1855; x_wconf 74' lang='lat' dir='ltr'>famulus,</span> <span class='ocrx_word' id='word_1_35' title='bbox 996 1772 1265 1844; x_wconf 84' lang='lat' dir='ltr'>dilectis</span> <span class='ocrx_word' id='word_1_36' title='bbox 1303 1772 1632 1843; x_wconf 84' lang='lat' dir='ltr'>fratribus</span> <span class='ocrx_word' id='word_1_37' title='bbox 1664 1794 1747 1843; x_wconf 90' lang='lat' dir='ltr'>ac</span> <span class='ocrx_word' id='word_1_38' title='bbox 1778 1773 2275 1845; x_wconf 85' lang='lat' dir='ltr'>comministris</span> <span class='ocrx_word' id='word_1_39' title='bbox 2303 1778 2579 1861; x_wconf 80' lang='lat' dir='ltr'>nostriS,</span> <span class='ocrx_word' id='word_1_40' title='bbox 2615 1778 2828 1871; x_wconf 74' lang='lat' dir='ltr'>huJus</span> 
     </span>
     <span class='ocr_line' id='line_1_8' title="bbox 292 1861 1447 1935; baseline -0.004 0"><span class='ocrx_word' id='word_1_41' title='bbox 292 1871 357 1935; x_wconf 91' lang='lat' dir='ltr'>S.</span> <span class='ocrx_word' id='word_1_42' title='bbox 411 1863 822 1935; x_wconf 89' lang='lat' dir='ltr'>Rbemensis</span> <span class='ocrx_word' id='word_1_43' title='bbox 869 1862 1210 1933; x_wconf 80' lang='lat' dir='ltr'>Ecclesiae</span> <span class='ocrx_word' id='word_1_44' title='bbox 1258 1861 1447 1930; x_wconf 89' lang='lat' dir='ltr'>filiis.</span> 
     </span>
    </p>

    <p class='ocr_par' dir='ltr' id='par_1_7' title="bbox 282 1950 2834 4174">
     <span class='ocr_line' id='line_1_9' title="bbox 381 1950 2826 2044; baseline 0.001 -20"><span class='ocrx_word' id='word_1_45' title='bbox 381 1954 570 2024; x_wconf 85' lang='lat' dir='ltr'>Sicut</span> <span class='ocrx_word' id='word_1_46' title='bbox 613 1974 654 2021; x_wconf 88' lang='lat' dir='ltr'>a</span> <span class='ocrx_word' id='word_1_47' title='bbox 699 1952 982 2022; x_wconf 86' lang='lat' dir='ltr'>senibus</span> <span class='ocrx_word' id='word_1_48' title='bbox 1027 1963 1093 2021; x_wconf 88' lang='lat' dir='ltr'>et</span> <span class='ocrx_word' id='word_1_49' title='bbox 1129 1950 1276 2039; x_wconf 87' lang='lat' dir='ltr'>jam</span> <span class='ocrx_word' id='word_1_50' title='bbox 1326 1962 1683 2040; x_wconf 80' lang='lat' dir='ltr'>provectae</span> <span class='ocrx_word' id='word_1_51' title='bbox 1728 1951 1966 2021; x_wconf 88' lang='lat' dir='ltr'>aetatis</span> <span class='ocrx_word' id='word_1_52' title='bbox 2014 1951 2178 2022; x_wconf 88' lang='lat' dir='ltr'>viris</span> <span class='ocrx_word' id='word_1_53' title='bbox 2225 1952 2592 2044; x_wconf 82' lang='lat' dir='ltr'>religiosiS,</span> <span class='ocrx_word' id='word_1_54' title='bbox 2632 1955 2826 2027; x_wconf 90' lang='lat' dir='ltr'>fideli</span> 
     </span>
     <span class='ocr_line' id='line_1_10' title="bbox 291 2039 2828 2127; baseline 0.002 -15"><span class='ocrx_word' id='word_1_55' title='bbox 291 2042 620 2112; x_wconf 79' lang='lat' dir='ltr'>relatione</span> <span class='ocrx_word' id='word_1_56' title='bbox 666 2040 1038 2110; x_wconf 89' lang='lat' dir='ltr'>didicimus</span> <span class='ocrx_word' id='word_1_57' title='bbox 1085 2060 1262 2127; x_wconf 88' lang='lat' dir='ltr'>quae</span> <span class='ocrx_word' id='word_1_58' title='bbox 1292 2061 1332 2108; x_wconf 89' lang='lat' dir='ltr'>a</span> <span class='ocrx_word' id='word_1_59' title='bbox 1372 2041 1519 2110; x_wconf 92' lang='lat' dir='ltr'>suis</span> <span class='ocrx_word' id='word_1_60' title='bbox 1552 2039 1924 2127; x_wconf 86' lang='lat' dir='ltr'>Majoribus</span> <span class='ocrx_word' id='word_1_61' title='bbox 1955 2040 2327 2111; x_wconf 88' lang='lat' dir='ltr'>audierunt</span> <span class='ocrx_word' id='word_1_62' title='bbox 2362 2045 2668 2127; x_wconf 89' lang='lat' dir='ltr'>narrari,</span> <span class='ocrx_word' id='word_1_63' title='bbox 2710 2067 2828 2116; x_wconf 92' lang='lat' dir='ltr'>eos</span> 
     </span>
     <span class='ocr_line' id='line_1_11' title="bbox 291 2128 2824 2216; baseline 0.002 -18"><span class='ocrx_word' id='word_1_64' title='bbox 291 2131 542 2200; x_wconf 90' lang='lat' dir='ltr'>vidisse</span> <span class='ocrx_word' id='word_1_65' title='bbox 589 2129 843 2199; x_wconf 88' lang='lat' dir='ltr'>librum</span> <span class='ocrx_word' id='word_1_66' title='bbox 896 2128 1232 2198; x_wconf 83' lang='lat' dir='ltr'>maximae</span> <span class='ocrx_word' id='word_1_67' title='bbox 1278 2128 1728 2215; x_wconf 83' lang='lat' dir='ltr'>quantitatis,</span> <span class='ocrx_word' id='word_1_68' title='bbox 1784 2150 1995 2199; x_wconf 91' lang='lat' dir='ltr'>manu</span> <span class='ocrx_word' id='word_1_69' title='bbox 2053 2130 2445 2216; x_wconf 74' lang='lat' dir='ltr'>antiquaria</span> <span class='ocrx_word' id='word_1_70' title='bbox 2515 2134 2824 2204; x_wconf 89' lang='lat' dir='ltr'>conscri-</span> 
     </span>
     <span class='ocr_line' id='line_1_12' title="bbox 290 2217 2826 2311; baseline 0.002 -22"><span class='ocrx_word' id='word_1_71' title='bbox 290 2233 509 2310; x_wconf 84' lang='lat' dir='ltr'>ptum,</span> <span class='ocrx_word' id='word_1_72' title='bbox 563 2219 648 2288; x_wconf 89' lang='lat' dir='ltr'>de</span> <span class='ocrx_word' id='word_1_73' title='bbox 693 2230 888 2300; x_wconf 87' lang='lat' dir='ltr'>actu,</span> <span class='ocrx_word' id='word_1_74' title='bbox 940 2217 1098 2298; x_wconf 59' lang='lat' dir='ltr'>vite,</span> <span class='ocrx_word' id='word_1_75' title='bbox 1152 2217 1522 2288; x_wconf 89' lang='lat' dir='ltr'>virtutibus</span> <span class='ocrx_word' id='word_1_76' title='bbox 1569 2228 1774 2305; x_wconf 88' lang='lat' dir='ltr'>atque</span> <span class='ocrx_word' id='word_1_77' title='bbox 1819 2217 2012 2288; x_wconf 88' lang='lat' dir='ltr'>obitu</span> <span class='ocrx_word' id='word_1_78' title='bbox 2059 2217 2240 2288; x_wconf 89' lang='lat' dir='ltr'>beati</span> <span class='ocrx_word' id='word_1_79' title='bbox 2288 2221 2608 2311; x_wconf 89' lang='lat' dir='ltr'>Remigii,</span> <span class='ocrx_word' id='word_1_80' title='bbox 2660 2245 2826 2293; x_wconf 88' lang='lat' dir='ltr'>san-</span> 
     </span>
     <span class='ocr_line' id='line_1_13' title="bbox 288 2305 2828 2398; baseline 0.001 -20"><span class='ocrx_word' id='word_1_81' title='bbox 288 2307 580 2378; x_wconf 84' lang='lat' dir='ltr'>ctissimi</span> <span class='ocrx_word' id='word_1_82' title='bbox 629 2307 899 2398; x_wconf 89' lang='lat' dir='ltr'>patroni</span> <span class='ocrx_word' id='word_1_83' title='bbox 947 2306 1184 2377; x_wconf 88' lang='lat' dir='ltr'>nostri.</span> <span class='ocrx_word' id='word_1_84' title='bbox 1240 2305 1369 2388; x_wconf 88' lang='lat' dir='ltr'>Qui</span> <span class='ocrx_word' id='word_1_85' title='bbox 1403 2306 1532 2376; x_wconf 86' lang='lat' dir='ltr'>hac</span> <span class='ocrx_word' id='word_1_86' title='bbox 1571 2306 1928 2376; x_wconf 87' lang='lat' dir='ltr'>occasione</span> <span class='ocrx_word' id='word_1_87' title='bbox 1967 2306 2292 2397; x_wconf 86' lang='lat' dir='ltr'>deperiit:</span> <span class='ocrx_word' id='word_1_88' title='bbox 2335 2311 2665 2397; x_wconf 89' lang='lat' dir='ltr'>quoniam</span> <span class='ocrx_word' id='word_1_89' title='bbox 2706 2316 2828 2381; x_wconf 86' lang='lat' dir='ltr'>Ae-</span> 
     </span>
     <span class='ocr_line' id='line_1_14' title="bbox 288 2394 2821 2490; baseline 0.002 -24"><span class='ocrx_word' id='word_1_90' title='bbox 288 2397 529 2487; x_wconf 89' lang='lat' dir='ltr'>gidius</span> <span class='ocrx_word' id='word_1_91' title='bbox 562 2452 578 2477; x_wconf 94' lang='lat'>‚</span> <span class='ocrx_word' id='word_1_92' title='bbox 630 2407 786 2487; x_wconf 89' lang='lat' dir='ltr'>post</span> <span class='ocrx_word' id='word_1_93' title='bbox 839 2400 912 2465; x_wconf 93' lang='lat' dir='ltr'>B.</span> <span class='ocrx_word' id='word_1_94' title='bbox 979 2394 1371 2486; x_wconf 85' lang='lat' dir='ltr'>Remigium</span> <span class='ocrx_word' id='word_1_95' title='bbox 1434 2408 1735 2481; x_wconf 49' lang='lat' dir='ltr'>quartus.</span> <span class='ocrx_word' id='word_1_96' title='bbox 1783 2396 1986 2467; x_wconf 89' lang='lat' dir='ltr'>istius</span> <span class='ocrx_word' id='word_1_97' title='bbox 2050 2396 2347 2468; x_wconf 85' lang='lat' dir='ltr'>civitatis</span> <span class='ocrx_word' id='word_1_98' title='bbox 2414 2399 2821 2490; x_wconf 63' lang='lat' dir='ltr'>episcopm,</span> 
     </span>
     <span class='ocr_line' id='line_1_15' title="bbox 288 2483 2829 2574; baseline 0.002 -19"><span class='ocrx_word' id='word_1_99' title='bbox 288 2484 661 2573; x_wconf 85' lang='lat' dir='ltr'>quemdam</span> <span class='ocrx_word' id='word_1_100' title='bbox 712 2485 934 2554; x_wconf 89' lang='lat' dir='ltr'>virum</span> <span class='ocrx_word' id='word_1_101' title='bbox 969 2483 1398 2574; x_wconf 91' lang='lat' dir='ltr'>religiosum,</span> <span class='ocrx_word' id='word_1_102' title='bbox 1435 2488 1882 2555; x_wconf 86' lang='lat' dir='ltr'>Fortunatum</span> <span class='ocrx_word' id='word_1_103' title='bbox 1920 2485 2202 2556; x_wconf 89' lang='lat' dir='ltr'>nomine</span> <span class='ocrx_word' id='word_1_104' title='bbox 2226 2485 2319 2568; x_wconf 45' lang='grc' dir='ltr'>*ἦ</span> <span class='ocrx_word' id='word_1_105' title='bbox 2345 2488 2642 2560; x_wconf 87' lang='lat' dir='ltr'>metricis</span> <span class='ocrx_word' id='word_1_106' title='bbox 2681 2512 2829 2559; x_wconf 88' lang='lat' dir='ltr'>ver-</span> 
     </span>
     <span class='ocr_line' id='line_1_16' title="bbox 290 2572 2828 2664; baseline 0.002 -21"><span class='ocrx_word' id='word_1_107' title='bbox 290 2576 486 2645; x_wconf 88' lang='lat' dir='ltr'>sibus</span> <span class='ocrx_word' id='word_1_108' title='bbox 534 2574 906 2664; x_wconf 88' lang='lat' dir='ltr'>insignem,</span> <span class='ocrx_word' id='word_1_109' title='bbox 940 2573 1061 2660; x_wconf 90' lang='lat' dir='ltr'>qui</span> <span class='ocrx_word' id='word_1_110' title='bbox 1099 2596 1139 2641; x_wconf 89' lang='lat' dir='ltr'>a</span> <span class='ocrx_word' id='word_1_111' title='bbox 1178 2572 1414 2643; x_wconf 92' lang='lat' dir='ltr'>multis</span> <span class='ocrx_word' id='word_1_112' title='bbox 1458 2574 1851 2663; x_wconf 86' lang='lat' dir='ltr'>potentibus</span> <span class='ocrx_word' id='word_1_113' title='bbox 1896 2586 1962 2644; x_wconf 89' lang='lat' dir='ltr'>et</span> <span class='ocrx_word' id='word_1_114' title='bbox 2009 2575 2559 2659; x_wconf 89' lang='lat' dir='ltr'>honorabilibus,</span> <span class='ocrx_word' id='word_1_115' title='bbox 2605 2579 2677 2647; x_wconf 94' lang='lat' dir='ltr'>in</span> <span class='ocrx_word' id='word_1_116' title='bbox 2715 2579 2828 2648; x_wconf 91' lang='lat' dir='ltr'>his</span> 
     </span>
     <span class='ocr_line' id='line_1_17' title="bbox 290 2660 2827 2752; baseline 0.001 -19"><span class='ocrx_word' id='word_1_117' title='bbox 290 2663 572 2734; x_wconf 87' lang='lat' dir='ltr'>Gallicis</span> <span class='ocrx_word' id='word_1_118' title='bbox 610 2674 677 2732; x_wconf 94' lang='lat' dir='ltr'>et</span> <span class='ocrx_word' id='word_1_119' title='bbox 697 2660 987 2751; x_wconf 86' lang='lat' dir='ltr'>Belgicis</span> <span class='ocrx_word' id='word_1_120' title='bbox 1013 2661 1433 2752; x_wconf 82' lang='lat' dir='ltr'>regionibuS,</span> <span class='ocrx_word' id='word_1_121' title='bbox 1471 2684 1591 2752; x_wconf 90' lang='lat' dir='ltr'>per</span> <span class='ocrx_word' id='word_1_122' title='bbox 1616 2661 1887 2732; x_wconf 87' lang='lat' dir='ltr'>diversa</span> <span class='ocrx_word' id='word_1_123' title='bbox 1918 2663 2067 2733; x_wconf 90' lang='lat' dir='ltr'>loca</span> <span class='ocrx_word' id='word_1_124' title='bbox 2097 2676 2263 2735; x_wconf 88' lang='lat' dir='ltr'>tunc</span> <span class='ocrx_word' id='word_1_125' title='bbox 2288 2665 2465 2736; x_wconf 88' lang='lat' dir='ltr'>vitae</span> <span class='ocrx_word' id='word_1_126' title='bbox 2494 2689 2574 2735; x_wconf 94' lang='lat' dir='ltr'>ac</span> <span class='ocrx_word' id='word_1_127' title='bbox 2606 2667 2827 2737; x_wconf 90' lang='lat' dir='ltr'>scien-</span> 
     </span>
     <span class='ocr_line' id='line_1_18' title="bbox 293 2749 2827 2842; baseline 0.002 -22"><span class='ocrx_word' id='word_1_128' title='bbox 293 2753 424 2821; x_wconf 88' lang='lat' dir='ltr'>tiae</span> <span class='ocrx_word' id='word_1_129' title='bbox 486 2772 652 2820; x_wconf 86' lang='lat' dir='ltr'>suae</span> <span class='ocrx_word' id='word_1_130' title='bbox 723 2750 965 2820; x_wconf 84' lang='lat' dir='ltr'>merito</span> <span class='ocrx_word' id='word_1_131' title='bbox 1026 2749 1492 2832; x_wconf 79' lang='lat' dir='ltr'>invitabatur3</span> <span class='ocrx_word' id='word_1_132' title='bbox 1546 2751 1739 2842; x_wconf 88' lang='lat' dir='ltr'>petiit</span> <span class='ocrx_word' id='word_1_133' title='bbox 1784 2751 1870 2820; x_wconf 93' lang='lat' dir='ltr'>de</span> <span class='ocrx_word' id='word_1_134' title='bbox 1916 2752 2155 2821; x_wconf 90' lang='lat' dir='ltr'>eodem</span> <span class='ocrx_word' id='word_1_135' title='bbox 2204 2752 2382 2822; x_wconf 89' lang='lat' dir='ltr'>libro</span> <span class='ocrx_word' id='word_1_136' title='bbox 2414 2809 2430 2836; x_wconf 93' lang='lat'>,</span> <span class='ocrx_word' id='word_1_137' title='bbox 2485 2756 2827 2825; x_wconf 90' lang='lat' dir='ltr'>cothurno</span> 
     </span>
     <span class='ocr_line' id='line_1_19' title="bbox 287 2839 2828 2934; baseline 0.002 -25"><span class='ocrx_word' id='word_1_138' title='bbox 287 2840 537 2931; x_wconf 88' lang='lat' dir='ltr'>gallico</span> <span class='ocrx_word' id='word_1_139' title='bbox 584 2839 857 2919; x_wconf 87' lang='lat' dir='ltr'>dictato,</span> <span class='ocrx_word' id='word_1_140' title='bbox 910 2851 1144 2921; x_wconf 85' lang='lat' dir='ltr'>aperto</span> <span class='ocrx_word' id='word_1_141' title='bbox 1192 2860 1504 2908; x_wconf 88' lang='lat' dir='ltr'>sermone</span> <span class='ocrx_word' id='word_1_142' title='bbox 1551 2840 1785 2927; x_wconf 86' lang='lat' dir='ltr'>aliqua</span> <span class='ocrx_word' id='word_1_143' title='bbox 1835 2840 2171 2911; x_wconf 88' lang='lat' dir='ltr'>miracula</span> <span class='ocrx_word' id='word_1_144' title='bbox 2217 2864 2396 2929; x_wconf 90' lang='lat' dir='ltr'>quae</span> <span class='ocrx_word' id='word_1_145' title='bbox 2447 2843 2518 2912; x_wconf 93' lang='lat' dir='ltr'>in</span> <span class='ocrx_word' id='word_1_146' title='bbox 2568 2842 2828 2934; x_wconf 90' lang='lat' dir='ltr'>populo</span> 
     </span>
     <span class='ocr_line' id='line_1_20' title="bbox 284 2927 2829 3018; baseline 0.001 -20"><span class='ocrx_word' id='word_1_147' title='bbox 284 2930 737 2998; x_wconf 80' lang='lat' dir='ltr'>recitarentur</span> <span class='ocrx_word' id='word_1_148' title='bbox 794 2927 1145 3018; x_wconf 83' lang='lat' dir='ltr'>excipere,</span> <span class='ocrx_word' id='word_1_149' title='bbox 1198 2939 1538 3014; x_wconf 88' lang='lat' dir='ltr'>quatenus</span> <span class='ocrx_word' id='word_1_150' title='bbox 1596 2950 1676 2997; x_wconf 92' lang='lat' dir='ltr'>ea</span> <span class='ocrx_word' id='word_1_151' title='bbox 1723 2929 1873 2998; x_wconf 89' lang='lat' dir='ltr'>sine</span> <span class='ocrx_word' id='word_1_152' title='bbox 1921 2929 2143 3000; x_wconf 88' lang='lat' dir='ltr'>taedio</span> <span class='ocrx_word' id='word_1_153' title='bbox 2191 2931 2436 3000; x_wconf 88' lang='lat' dir='ltr'>audire</span> <span class='ocrx_word' id='word_1_154' title='bbox 2484 2942 2551 3000; x_wconf 93' lang='lat' dir='ltr'>et</span> <span class='ocrx_word' id='word_1_155' title='bbox 2598 2943 2829 3002; x_wconf 88' lang='lat' dir='ltr'>mente</span> 
     </span>
     <span class='ocr_line' id='line_1_21' title="bbox 285 3016 2824 3110; baseline 0.002 -23"><span class='ocrx_word' id='word_1_156' title='bbox 285 3017 692 3098; x_wconf 88' lang='lat' dir='ltr'>recondere,</span> <span class='ocrx_word' id='word_1_157' title='bbox 745 3028 948 3104; x_wconf 89' lang='lat' dir='ltr'>atque</span> <span class='ocrx_word' id='word_1_158' title='bbox 997 3038 1117 3106; x_wconf 87' lang='lat' dir='ltr'>per</span> <span class='ocrx_word' id='word_1_159' title='bbox 1161 3038 1242 3085; x_wconf 93' lang='lat' dir='ltr'>ea</span> <span class='ocrx_word' id='word_1_160' title='bbox 1308 3016 1394 3085; x_wconf 86' lang='lat' dir='ltr'>ad</span> <span class='ocrx_word' id='word_1_161' title='bbox 1455 3038 1759 3087; x_wconf 91' lang='lat' dir='ltr'>amorem</span> <span class='ocrx_word' id='word_1_162' title='bbox 1809 3029 1874 3086; x_wconf 87' lang='lat' dir='ltr'>et</span> <span class='ocrx_word' id='word_1_163' title='bbox 1920 3018 2250 3088; x_wconf 84' lang='lat' dir='ltr'>bonorem</span> <span class='ocrx_word' id='word_1_164' title='bbox 2301 3020 2416 3089; x_wconf 91' lang='lat' dir='ltr'>Dei</span> <span class='ocrx_word' id='word_1_165' title='bbox 2463 3031 2530 3089; x_wconf 88' lang='lat' dir='ltr'>et</span> <span class='ocrx_word' id='word_1_166' title='bbox 2597 3020 2824 3110; x_wconf 91' lang='lat' dir='ltr'>ipsius</span> 
     </span>
     <span class='ocr_line' id='line_1_22' title="bbox 288 3104 2830 3207; baseline 0.002 -33"><span class='ocrx_word' id='word_1_167' title='bbox 288 3106 691 3197; x_wconf 84' lang='lat' dir='ltr'>protectoris</span> <span class='ocrx_word' id='word_1_168' title='bbox 740 3106 850 3175; x_wconf 91' lang='lat' dir='ltr'>sui</span> <span class='ocrx_word' id='word_1_169' title='bbox 897 3105 1081 3174; x_wconf 93' lang='lat' dir='ltr'>idem</span> <span class='ocrx_word' id='word_1_170' title='bbox 1132 3104 1432 3207; x_wconf 89' lang='lat' dir='ltr'>populus</span> <span class='ocrx_word' id='word_1_171' title='bbox 1479 3106 1758 3175; x_wconf 85' lang='lat' dir='ltr'>excitari</span> <span class='ocrx_word' id='word_1_172' title='bbox 1810 3106 2084 3176; x_wconf 88' lang='lat' dir='ltr'>valeret.</span> <span class='ocrx_word' id='word_1_173' title='bbox 2153 3111 2458 3194; x_wconf 89' lang='lat' dir='ltr'>Cumque</span> <span class='ocrx_word' id='word_1_174' title='bbox 2509 3108 2662 3199; x_wconf 91' lang='lat' dir='ltr'>ipsa</span> <span class='ocrx_word' id='word_1_175' title='bbox 2711 3131 2830 3180; x_wconf 86' lang='lat' dir='ltr'>ex-</span> 
     </span>
     <span class='ocr_line' id='line_1_23' title="bbox 286 3193 2829 3288; baseline 0.001 -23"><span class='ocrx_word' id='word_1_176' title='bbox 286 3195 545 3286; x_wconf 91' lang='lat' dir='ltr'>cerptio</span> <span class='ocrx_word' id='word_1_177' title='bbox 605 3195 828 3283; x_wconf 87' lang='lat' dir='ltr'>coepit</span> <span class='ocrx_word' id='word_1_178' title='bbox 887 3193 1175 3266; x_wconf 91' lang='lat' dir='ltr'>lectione</span> <span class='ocrx_word' id='word_1_179' title='bbox 1223 3216 1294 3262; x_wconf 91' lang='lat' dir='ltr'>1n</span> <span class='ocrx_word' id='word_1_180' title='bbox 1346 3194 1601 3284; x_wconf 89' lang='lat' dir='ltr'>populo</span> <span class='ocrx_word' id='word_1_181' title='bbox 1650 3194 2120 3281; x_wconf 88' lang='lat' dir='ltr'>frequentari,</span> <span class='ocrx_word' id='word_1_182' title='bbox 2172 3208 2238 3266; x_wconf 89' lang='lat' dir='ltr'>et</span> <span class='ocrx_word' id='word_1_183' title='bbox 2282 3218 2323 3265; x_wconf 90' lang='lat' dir='ltr'>a</span> <span class='ocrx_word' id='word_1_184' title='bbox 2373 3196 2613 3269; x_wconf 89' lang='lat' dir='ltr'>multis</span> <span class='ocrx_word' id='word_1_185' title='bbox 2663 3220 2829 3288; x_wconf 90' lang='lat' dir='ltr'>pro-</span> 
     </span>
     <span class='ocr_line' id='line_1_24' title="bbox 285 3282 2828 3375; baseline 0.002 -23"><span class='ocrx_word' id='word_1_186' title='bbox 285 3295 437 3374; x_wconf 93' lang='lat' dir='ltr'>pter</span> <span class='ocrx_word' id='word_1_187' title='bbox 483 3283 834 3353; x_wconf 86' lang='lat' dir='ltr'>brevitatis</span> <span class='ocrx_word' id='word_1_188' title='bbox 878 3305 1043 3352; x_wconf 86' lang='lat' dir='ltr'>suae</span> <span class='ocrx_word' id='word_1_189' title='bbox 1090 3282 1485 3353; x_wconf 87' lang='lat' dir='ltr'>facilitatem</span> <span class='ocrx_word' id='word_1_190' title='bbox 1538 3283 1928 3364; x_wconf 84' lang='lat' dir='ltr'>transcribi,</span> <span class='ocrx_word' id='word_1_191' title='bbox 1977 3284 2128 3374; x_wconf 89' lang='lat' dir='ltr'>ipse</span> <span class='ocrx_word' id='word_1_192' title='bbox 2177 3306 2475 3375; x_wconf 89' lang='lat' dir='ltr'>magnus</span> <span class='ocrx_word' id='word_1_193' title='bbox 2522 3285 2736 3356; x_wconf 85' lang='lat' dir='ltr'>codex</span> <span class='ocrx_word' id='word_1_194' title='bbox 2787 3309 2828 3356; x_wconf 91' lang='lat' dir='ltr'>a</span> 
     </span>
     <span class='ocr_line' id='line_1_25' title="bbox 286 3371 2826 3465; baseline 0.002 -25"><span class='ocrx_word' id='word_1_195' title='bbox 286 3372 794 3462; x_wconf 85' lang='lat' dir='ltr'>negligentibus</span> <span class='ocrx_word' id='word_1_196' title='bbox 837 3371 1298 3462; x_wconf 85' lang='lat' dir='ltr'>negligentius</span> <span class='ocrx_word' id='word_1_197' title='bbox 1335 3372 1559 3462; x_wconf 89' lang='lat' dir='ltr'>coepit</span> <span class='ocrx_word' id='word_1_198' title='bbox 1600 3371 1875 3453; x_wconf 89' lang='lat' dir='ltr'>haberi;</span> <span class='ocrx_word' id='word_1_199' title='bbox 1910 3395 2133 3459; x_wconf 90' lang='lat' dir='ltr'>usque</span> <span class='ocrx_word' id='word_1_200' title='bbox 2163 3373 2331 3442; x_wconf 92' lang='lat' dir='ltr'>dum</span> <span class='ocrx_word' id='word_1_201' title='bbox 2375 3375 2594 3444; x_wconf 89' lang='lat' dir='ltr'>Caroli</span> <span class='ocrx_word' id='word_1_202' title='bbox 2632 3376 2826 3465; x_wconf 90' lang='lat' dir='ltr'>prin·</span> 
     </span>
     <span class='ocr_line' id='line_1_26' title="bbox 283 3459 2829 3551; baseline 0.001 -22"><span class='ocrx_word' id='word_1_203' title='bbox 283 3462 462 3550; x_wconf 89' lang='lat' dir='ltr'>cipis</span> <span class='ocrx_word' id='word_1_204' title='bbox 511 3474 813 3551; x_wconf 89' lang='lat' dir='ltr'>tempore</span> <span class='ocrx_word' id='word_1_205' title='bbox 856 3459 982 3542; x_wconf 55' lang='lat' dir='ltr'>m,</span> <span class='ocrx_word' id='word_1_206' title='bbox 1013 3459 1293 3547; x_wconf 90' lang='lat' dir='ltr'>quando</span> <span class='ocrx_word' id='word_1_207' title='bbox 1341 3473 1617 3550; x_wconf 85' lang='lat' dir='ltr'>propter</span> <span class='ocrx_word' id='word_1_208' title='bbox 1648 3460 2069 3530; x_wconf 89' lang='lat' dir='ltr'>discordiam</span> <span class='ocrx_word' id='word_1_209' title='bbox 2102 3474 2169 3532; x_wconf 92' lang='lat' dir='ltr'>et</span> <span class='ocrx_word' id='word_1_210' title='bbox 2193 3465 2704 3533; x_wconf 89' lang='lat' dir='ltr'>contentionem</span> <span class='ocrx_word' id='word_1_211' title='bbox 2737 3463 2829 3532; x_wconf 90' lang='lat' dir='ltr'>de</span> 
     </span>
     <span class='ocr_line' id='line_1_27' title="bbox 285 3548 2830 3639; baseline 0.001 -21"><span class='ocrx_word' id='word_1_212' title='bbox 285 3550 703 3639; x_wconf 88' lang='lat' dir='ltr'>principatu,</span> <span class='ocrx_word' id='word_1_213' title='bbox 758 3549 936 3618; x_wconf 86' lang='lat' dir='ltr'>inter</span> <span class='ocrx_word' id='word_1_214' title='bbox 981 3570 1140 3618; x_wconf 89' lang='lat' dir='ltr'>eum</span> <span class='ocrx_word' id='word_1_215' title='bbox 1190 3560 1256 3618; x_wconf 88' lang='lat' dir='ltr'>et</span> <span class='ocrx_word' id='word_1_216' title='bbox 1303 3548 1824 3638; x_wconf 88' lang='lat' dir='ltr'>Ragenfridum,</span> <span class='ocrx_word' id='word_1_217' title='bbox 1869 3549 2250 3637; x_wconf 87' lang='lat' dir='ltr'>frequentia</span> <span class='ocrx_word' id='word_1_218' title='bbox 2296 3573 2376 3621; x_wconf 91' lang='lat' dir='ltr'>ac</span> <span class='ocrx_word' id='word_1_219' title='bbox 2424 3552 2676 3633; x_wconf 89' lang='lat' dir='ltr'>civilia,</span> <span class='ocrx_word' id='word_1_220' title='bbox 2717 3551 2830 3621; x_wconf 92' lang='lat' dir='ltr'>in-</span> 
     </span>
     <span class='ocr_line' id='line_1_28' title="bbox 287 3635 2831 3738; baseline 0 -31"><span class='ocrx_word' id='word_1_221' title='bbox 287 3639 536 3708; x_wconf 88' lang='lat' dir='ltr'>testina</span> <span class='ocrx_word' id='word_1_222' title='bbox 599 3649 664 3707; x_wconf 89' lang='lat' dir='ltr'>et</span> <span class='ocrx_word' id='word_1_223' title='bbox 725 3635 1165 3738; x_wconf 89' lang='lat' dir='ltr'>parricidalia</span> <span class='ocrx_word' id='word_1_224' title='bbox 1225 3636 1402 3708; x_wconf 90' lang='lat' dir='ltr'>bella</span> <span class='ocrx_word' id='word_1_225' title='bbox 1453 3637 1522 3705; x_wconf 93' lang='lat' dir='ltr'>in</span> <span class='ocrx_word' id='word_1_226' title='bbox 1574 3638 2000 3709; x_wconf 88' lang='lat' dir='ltr'>Germanicis</span> <span class='ocrx_word' id='word_1_227' title='bbox 2047 3651 2113 3709; x_wconf 88' lang='lat' dir='ltr'>et</span> <span class='ocrx_word' id='word_1_228' title='bbox 2159 3639 2453 3729; x_wconf 88' lang='lat' dir='ltr'>Belgicis</span> <span class='ocrx_word' id='word_1_229' title='bbox 2501 3662 2581 3709; x_wconf 89' lang='lat' dir='ltr'>ac</span> <span class='ocrx_word' id='word_1_230' title='bbox 2630 3639 2831 3710; x_wconf 84' lang='lat' dir='ltr'>Galli·</span> 
     </span>
     <span class='ocr_line' id='line_1_29' title="bbox 285 3724 2832 3816; baseline 0.002 -22"><span class='ocrx_word' id='word_1_231' title='bbox 285 3727 482 3795; x_wconf 89' lang='lat' dir='ltr'>canis</span> <span class='ocrx_word' id='word_1_232' title='bbox 548 3725 924 3816; x_wconf 82' lang='lat' dir='ltr'>provlnciis</span> <span class='ocrx_word' id='word_1_233' title='bbox 982 3725 1223 3816; x_wconf 90' lang='lat' dir='ltr'>religio</span> <span class='ocrx_word' id='word_1_234' title='bbox 1271 3724 1801 3796; x_wconf 89' lang='lat' dir='ltr'>Christianitatis</span> <span class='ocrx_word' id='word_1_235' title='bbox 1849 3748 2024 3816; x_wconf 89' lang='lat' dir='ltr'>pene</span> <span class='ocrx_word' id='word_1_236' title='bbox 2080 3726 2211 3798; x_wconf 84' lang='lat' dir='ltr'>fuit</span> <span class='ocrx_word' id='word_1_237' title='bbox 2258 3728 2554 3798; x_wconf 85' lang='lat' dir='ltr'>abolita:</span> <span class='ocrx_word' id='word_1_238' title='bbox 2608 3729 2703 3798; x_wconf 89' lang='lat' dir='ltr'>ita</span> <span class='ocrx_word' id='word_1_239' title='bbox 2751 3739 2832 3798; x_wconf 90' lang='lat' dir='ltr'>ut</span> 
     </span>
     <span class='ocr_line' id='line_1_30' title="bbox 284 3813 2834 3906; baseline 0.001 -22"><span class='ocrx_word' id='word_1_240' title='bbox 284 3815 649 3904; x_wconf 89' lang='lat' dir='ltr'>Episcopis</span> <span class='ocrx_word' id='word_1_241' title='bbox 690 3815 759 3883; x_wconf 93' lang='lat' dir='ltr'>in</span> <span class='ocrx_word' id='word_1_242' title='bbox 795 3815 1039 3904; x_wconf 90' lang='lat' dir='ltr'>paucis</span> <span class='ocrx_word' id='word_1_243' title='bbox 1088 3814 1257 3884; x_wconf 91' lang='lat' dir='ltr'>locis</span> <span class='ocrx_word' id='word_1_244' title='bbox 1297 3813 1619 3894; x_wconf 83' lang='lat' dir='ltr'>residuiS‚</span> <span class='ocrx_word' id='word_1_245' title='bbox 1660 3815 2013 3906; x_wconf 90' lang='lat' dir='ltr'>episcopia</span> <span class='ocrx_word' id='word_1_246' title='bbox 2061 3815 2259 3888; x_wconf 89' lang='lat' dir='ltr'>laicis</span> <span class='ocrx_word' id='word_1_247' title='bbox 2306 3816 2580 3898; x_wconf 87' lang='lat' dir='ltr'>donata,</span> <span class='ocrx_word' id='word_1_248' title='bbox 2618 3829 2684 3887; x_wconf 89' lang='lat' dir='ltr'>et</span> <span class='ocrx_word' id='word_1_249' title='bbox 2711 3838 2834 3906; x_wconf 89' lang='lat' dir='ltr'>per</span> 
     </span>
     <span class='ocr_line' id='line_1_31' title="bbox 282 3902 2830 3993; baseline 0.001 -21"><span class='ocrx_word' id='word_1_250' title='bbox 282 3925 401 3972; x_wconf 91' lang='lat' dir='ltr'>eos</span> <span class='ocrx_word' id='word_1_251' title='bbox 449 3905 657 3974; x_wconf 91' lang='lat' dir='ltr'>rebus</span> <span class='ocrx_word' id='word_1_252' title='bbox 706 3903 929 3972; x_wconf 90' lang='lat' dir='ltr'>divisa</span> <span class='ocrx_word' id='word_1_253' title='bbox 975 3903 1366 3972; x_wconf 83' lang='lat' dir='ltr'>extiterint:</span> <span class='ocrx_word' id='word_1_254' title='bbox 1439 3902 1608 3972; x_wconf 89' lang='lat' dir='ltr'>adeo</span> <span class='ocrx_word' id='word_1_255' title='bbox 1656 3918 1734 3973; x_wconf 90' lang='lat' dir='ltr'>ut</span> <span class='ocrx_word' id='word_1_256' title='bbox 1781 3904 1939 3974; x_wconf 88' lang='lat' dir='ltr'>Milo</span> <span class='ocrx_word' id='word_1_257' title='bbox 1987 3905 2301 3993; x_wconf 89' lang='lat' dir='ltr'>quidam,</span> <span class='ocrx_word' id='word_1_258' title='bbox 2358 3908 2643 3976; x_wconf 74' lang='lat' dir='ltr'>tonsura</span> <span class='ocrx_word' id='word_1_259' title='bbox 2691 3904 2830 3975; x_wconf 91' lang='lat' dir='ltr'>cle-</span> 
     </span>
     <span class='ocr_line' id='line_1_32' title="bbox 283 3991 2831 4084; baseline 0.001 -24"><span class='ocrx_word' id='word_1_260' title='bbox 283 3992 493 4068; x_wconf 86' lang='lat' dir='ltr'>ricus.</span> <span class='ocrx_word' id='word_1_261' title='bbox 551 3991 906 4072; x_wconf 90' lang='lat' dir='ltr'>moribus,</span> <span class='ocrx_word' id='word_1_262' title='bbox 959 4005 1119 4061; x_wconf 88' lang='lat' dir='ltr'>actu</span> <span class='ocrx_word' id='word_1_263' title='bbox 1167 4003 1232 4061; x_wconf 90' lang='lat' dir='ltr'>et</span> <span class='ocrx_word' id='word_1_264' title='bbox 1278 3991 1519 4061; x_wconf 84' lang='lat' dir='ltr'>habitu</span> <span class='ocrx_word' id='word_1_265' title='bbox 1561 3992 1991 4084; x_wconf 88' lang='lat' dir='ltr'>irreligiosus</span> <span class='ocrx_word' id='word_1_266' title='bbox 2024 3993 2245 4064; x_wconf 90' lang='lat' dir='ltr'>laicus</span> <span class='ocrx_word' id='word_1_267' title='bbox 2291 3994 2432 4031; x_wconf 52' lang='grc' dir='ltr'>*μ’</span> <span class='ocrx_word' id='word_1_268' title='bbox 2479 4016 2515 4064; x_wconf 90' lang='lat' dir='ltr'>e</span> <span class='ocrx_word' id='word_1_269' title='bbox 2569 3994 2831 4084; x_wconf 89' lang='lat' dir='ltr'>iscopia</span> 
     </span>
     <span class='ocr_line' id='line_1_33' title="bbox 283 4080 2834 4174; baseline 0.002 -25"><span class='ocrx_word' id='word_1_270' title='bbox 283 4081 707 4151; x_wconf 88' lang='lat' dir='ltr'>Rhemorum</span> <span class='ocrx_word' id='word_1_271' title='bbox 760 4101 842 4150; x_wconf 89' lang='lat' dir='ltr'>ac</span> <span class='ocrx_word' id='word_1_272' title='bbox 894 4080 1327 4150; x_wconf 89' lang='lat' dir='ltr'>Trevirorum</span> <span class='ocrx_word' id='word_1_273' title='bbox 1377 4102 1731 4172; x_wconf 88' lang='lat' dir='ltr'>usurpans</span> <span class='ocrx_word' id='word_1_274' title='bbox 1780 4082 2115 4165; x_wconf 90' lang='lat' dir='ltr'>insimul,</span> <span class='ocrx_word' id='word_1_275' title='bbox 2185 4104 2309 4172; x_wconf 91' lang='lat' dir='ltr'>per</span> <span class='ocrx_word' id='word_1_276' title='bbox 2371 4105 2509 4170; x_wconf 88' lang='lat' dir='ltr'>qua</span> <span class='ocrx_word' id='word_1_277' title='bbox 2564 4085 2834 4174; x_wconf 89' lang='lat' dir='ltr'>raginta</span> 
     </span>
    </p>
   </div>
   <div class='ocr_carea' id='block_1_7' title="bbox 281 4204 2836 4524">
    <p class='ocr_par' dir='ltr' id='par_1_8' title="bbox 281 4204 2836 4362">
     <span class='ocr_line' id='line_1_34' title="bbox 342 4204 2836 4258; baseline 0 -11"><span class='ocrx_word' id='word_1_278' title='bbox 342 4207 370 4234; x_wconf 79' lang='lat'>¹⁸¹</span> <span class='ocrx_word' id='word_1_279' title='bbox 399 4207 579 4247; x_wconf 74' lang='lat' dir='ltr'>claruit:</span> <span class='ocrx_word' id='word_1_280' title='bbox 606 4204 780 4257; x_wconf 68' lang='lat' dir='ltr'>pietate</span> <span class='ocrx_word' id='word_1_281' title='bbox 809 4205 858 4246; x_wconf 74' lang='lat' dir='ltr'>ct</span> <span class='ocrx_word' id='word_1_282' title='bbox 888 4204 1103 4247; x_wconf 60' lang='lat' dir='ltr'>doctrin&amp;</span> <span class='ocrx_word' id='word_1_283' title='bbox 1130 4205 1415 4247; x_wconf 70' lang='lat' dir='ltr'>mmmm-us</span> <span class='ocrx_word' id='word_1_284' title='bbox 1442 4208 1562 4248; x_wconf 82' lang='lat' dir='ltr'>med.</span> <span class='ocrx_word' id='word_1_285' title='bbox 1597 4208 1785 4248; x_wconf 77' lang='lat' dir='ltr'>saeculo</span> <span class='ocrx_word' id='word_1_286' title='bbox 1815 4217 1873 4248; x_wconf 74' lang='lat' dir='ltr'>rx.</span> <span class='ocrx_word' id='word_1_287' title='bbox 1901 4209 2031 4248; x_wconf 75' lang='lat' dir='ltr'>Hanc</span> <span class='ocrx_word' id='word_1_288' title='bbox 2059 4209 2214 4249; x_wconf 73' lang='lat' dir='ltr'>vitam</span> <span class='ocrx_word' id='word_1_289' title='bbox 2244 4209 2302 4249; x_wconf 69' lang='lat' dir='ltr'>ab</span> <span class='ocrx_word' id='word_1_290' title='bbox 2329 4208 2755 4258; x_wconf 78' lang='lat' dir='ltr'>interpolatoribus</span> <span class='ocrx_word' id='word_1_291' title='bbox 2784 4208 2836 4248; x_wconf 78' lang='lat' dir='ltr'>et</span> 
     </span>
     <span class='ocr_line' id='line_1_35' title="bbox 281 4257 2832 4312; baseline 0 -12"><span class='ocrx_word' id='word_1_292' title='bbox 281 4258 648 4300; x_wconf 67' lang='lat' dir='ltr'>amanuensibus</span> <span class='ocrx_word' id='word_1_293' title='bbox 676 4258 904 4306; x_wconf 73' lang='lat' dir='ltr'>vitiatam,</span> <span class='ocrx_word' id='word_1_294' title='bbox 921 4269 946 4299; x_wconf 79' lang='lat' dir='ltr'>c</span> <span class='ocrx_word' id='word_1_295' title='bbox 966 4257 1207 4308; x_wconf 82' lang='lat' dir='ltr'>prolixiori</span> <span class='ocrx_word' id='word_1_296' title='bbox 1228 4260 1506 4309; x_wconf 72' lang='lat' dir='ltr'>primigenia</span> <span class='ocrx_word' id='word_1_297' title='bbox 1524 4262 1728 4301; x_wconf 79' lang='lat' dir='ltr'>lectione</span> <span class='ocrx_word' id='word_1_298' title='bbox 1746 4262 1796 4300; x_wconf 84' lang='lat' dir='ltr'>in</span> <span class='ocrx_word' id='word_1_299' title='bbox 1813 4262 1979 4302; x_wconf 75' lang='lat' dir='ltr'>multis</span> <span class='ocrx_word' id='word_1_300' title='bbox 2000 4263 2249 4312; x_wconf 71' lang='lat' dir='ltr'>castigavit</span> <span class='ocrx_word' id='word_1_301' title='bbox 2267 4264 2406 4303; x_wconf 69' lang='lat' dir='ltr'>Laut.</span> <span class='ocrx_word' id='word_1_302' title='bbox 2431 4261 2596 4303; x_wconf 74' lang='lat' dir='ltr'>surius</span> <span class='ocrx_word' id='word_1_303' title='bbox 2618 4271 2732 4307; x_wconf 68' lang='lat' dir='ltr'>ulos</span> <span class='ocrx_word' id='word_1_304' title='bbox 2754 4271 2832 4302; x_wconf 78' lang='lat' dir='ltr'>su-</span> 
     </span>
     <span class='ocr_line' id='line_1_36' title="bbox 282 4311 2464 4362; baseline 0.001 -9"><span class='ocrx_word' id='word_1_305' title='bbox 282 4317 383 4353; x_wconf 77' lang='lat' dir='ltr'>tem</span> <span class='ocrx_word' id='word_1_306' title='bbox 405 4314 649 4353; x_wconf 80' lang='lat' dir='ltr'>nonnullis</span> <span class='ocrx_word' id='word_1_307' title='bbox 669 4314 865 4359; x_wconf 68' lang='lat' dir='ltr'>abrasis,</span> <span class='ocrx_word' id='word_1_308' title='bbox 883 4314 1039 4352; x_wconf 82' lang='lat' dir='ltr'>minus</span> <span class='ocrx_word' id='word_1_309' title='bbox 1060 4313 1117 4352; x_wconf 78' lang='lat' dir='ltr'>ad</span> <span class='ocrx_word' id='word_1_310' title='bbox 1137 4311 1289 4353; x_wconf 79' lang='lat' dir='ltr'>sancti</span> <span class='ocrx_word' id='word_1_311' title='bbox 1309 4314 1473 4354; x_wconf 70' lang='lat' dir='ltr'>laudes</span> <span class='ocrx_word' id='word_1_312' title='bbox 1494 4315 1856 4362; x_wconf 79' lang='lat' dir='ltr'>pertinentibus.</span> <span class='ocrx_word' id='word_1_313' title='bbox 1873 4315 2138 4355; x_wconf 79' lang='lat' dir='ltr'>breviorem</span> <span class='ocrx_word' id='word_1_314' title='bbox 2161 4313 2464 4356; x_wconf 77' lang='lat' dir='ltr'>reddidimus.</span> 
     </span>
    </p>

    <p class='ocr_par' dir='ltr' id='par_1_9' title="bbox 338 4367 1635 4415">
     <span class='ocr_line' id='line_1_37' title="bbox 338 4367 1635 4415; baseline 0 -10"><span class='ocrx_word' id='word_1_315' title='bbox 338 4367 390 4393; x_wconf 67' lang='lat'>⁹*</span> <span class='ocrx_word' id='word_1_316' title='bbox 426 4368 679 4406; x_wconf 70' lang='lat' dir='ltr'>Venantium</span> <span class='ocrx_word' id='word_1_317' title='bbox 698 4368 1002 4407; x_wconf 71' lang='lat' dir='ltr'>Fortunatam.</span> <span class='ocrx_word' id='word_1_318' title='bbox 1028 4368 1091 4406; x_wconf 81' lang='lat' dir='ltr'>De</span> <span class='ocrx_word' id='word_1_319' title='bbox 1112 4375 1205 4415; x_wconf 86' lang='lat' dir='ltr'>quo</span> <span class='ocrx_word' id='word_1_320' title='bbox 1224 4367 1273 4406; x_wconf 75' lang='lat' dir='ltr'>in</span> <span class='ocrx_word' id='word_1_321' title='bbox 1296 4367 1398 4407; x_wconf 80' lang='lat' dir='ltr'>Vol.</span> <span class='ocrx_word' id='word_1_322' title='bbox 1420 4369 1459 4412; x_wconf 87' lang='lat'>1,</span> <span class='ocrx_word' id='word_1_323' title='bbox 1477 4377 1523 4415; x_wconf 86' lang='lat' dir='ltr'>p.</span> <span class='ocrx_word' id='word_1_324' title='bbox 1543 4369 1635 4407; x_wconf 76' lang='lat'>244.</span> 
     </span>
    </p>

    <p class='ocr_par' dir='ltr' id='par_1_10' title="bbox 337 4417 2832 4470">
     <span class='ocr_line' id='line_1_38' title="bbox 337 4417 2832 4470; baseline 0 -12"><span class='ocrx_word' id='word_1_325' title='bbox 337 4420 421 4447; x_wconf 52' lang='grc' dir='ltr'>*Φ*</span> <span class='ocrx_word' id='word_1_326' title='bbox 439 4420 631 4459; x_wconf 77' lang='lat' dir='ltr'>Carolus</span> <span class='ocrx_word' id='word_1_327' title='bbox 651 4420 727 4459; x_wconf 79' lang='lat' dir='ltr'>hic</span> <span class='ocrx_word' id='word_1_328' title='bbox 749 4421 822 4459; x_wconf 80' lang='lat' dir='ltr'>est</span> <span class='ocrx_word' id='word_1_329' title='bbox 842 4420 1149 4469; x_wconf 78' lang='lat' dir='ltr'>cognomento</span> <span class='ocrx_word' id='word_1_330' title='bbox 1170 4422 1417 4465; x_wconf 61' lang='lat' dir='ltr'>Marullus.</span> <span class='ocrx_word' id='word_1_331' title='bbox 1437 4421 1542 4460; x_wconf 79' lang='lat' dir='ltr'>vide</span> <span class='ocrx_word' id='word_1_332' title='bbox 1562 4421 1611 4459; x_wconf 79' lang='lat' dir='ltr'>ln</span> <span class='ocrx_word' id='word_1_333' title='bbox 1631 4420 1802 4466; x_wconf 67' lang='lat' dir='ltr'>vohv,</span> <span class='ocrx_word' id='word_1_334' title='bbox 1823 4432 1865 4469; x_wconf 84' lang='lat' dir='ltr'>p.</span> <span class='ocrx_word' id='word_1_335' title='bbox 1886 4422 1986 4461; x_wconf 78' lang='lat'>366:</span> <span class='ocrx_word' id='word_1_336' title='bbox 2012 4421 2093 4460; x_wconf 82' lang='lat' dir='ltr'>sed</span> <span class='ocrx_word' id='word_1_337' title='bbox 2113 4422 2161 4460; x_wconf 77' lang='lat' dir='ltr'>et</span> <span class='ocrx_word' id='word_1_338' title='bbox 2178 4423 2337 4460; x_wconf 76' lang='lat' dir='ltr'>notam</span> <span class='ocrx_word' id='word_1_339' title='bbox 2355 4421 2456 4470; x_wconf 80' lang='lat' dir='ltr'>lege</span> <span class='ocrx_word' id='word_1_340' title='bbox 2479 4417 2578 4460; x_wconf 82' lang='lat' dir='ltr'>Vol.</span> <span class='ocrx_word' id='word_1_341' title='bbox 2593 4420 2654 4464; x_wconf 89' lang='lat'>11.</span> <span class='ocrx_word' id='word_1_342' title='bbox 2675 4429 2720 4469; x_wconf 84' lang='lat' dir='ltr'>p.</span> <span class='ocrx_word' id='word_1_343' title='bbox 2740 4420 2832 4462; x_wconf 71' lang='lat'>240.</span> 
     </span>
    </p>

    <p class='ocr_par' dir='ltr' id='par_1_11' title="bbox 346 4471 2767 4524">
     <span class='ocr_line' id='line_1_39' title="bbox 346 4471 2767 4524; baseline -0 -12"><span class='ocrx_word' id='word_1_344' title='bbox 346 4473 452 4499; x_wconf 64' lang='lat'>*⁹¹⁸*</span> <span class='ocrx_word' id='word_1_345' title='bbox 482 4473 759 4513; x_wconf 70' lang='lat' dir='ltr'>Illustrstur</span> <span class='ocrx_word' id='word_1_346' title='bbox 778 4473 854 4512; x_wconf 86' lang='lat' dir='ltr'>hio</span> <span class='ocrx_word' id='word_1_347' title='bbox 882 4474 1014 4513; x_wconf 88' lang='lat' dir='ltr'>locus</span> <span class='ocrx_word' id='word_1_348' title='bbox 1035 4483 1118 4522; x_wconf 85' lang='lat' dir='ltr'>per</span> <span class='ocrx_word' id='word_1_349' title='bbox 1140 4484 1195 4513; x_wconf 78' lang='lat' dir='ltr'>ea</span> <span class='ocrx_word' id='word_1_350' title='bbox 1214 4483 1333 4523; x_wconf 76' lang='lat' dir='ltr'>quse</span> <span class='ocrx_word' id='word_1_351' title='bbox 1352 4474 1576 4513; x_wconf 74' lang='lat' dir='ltr'>dicuntur</span> <span class='ocrx_word' id='word_1_352' title='bbox 1592 4475 1645 4512; x_wconf 80' lang='lat' dir='ltr'>ln</span> <span class='ocrx_word' id='word_1_353' title='bbox 1664 4471 1772 4512; x_wconf 72' lang='lat' dir='ltr'>Vita</span> <span class='ocrx_word' id='word_1_354' title='bbox 1793 4474 1836 4513; x_wconf 84' lang='lat' dir='ltr'>S.</span> <span class='ocrx_word' id='word_1_355' title='bbox 1856 4471 2113 4523; x_wconf 82' lang='lat' dir='ltr'>Rigoberti,</span> <span class='ocrx_word' id='word_1_356' title='bbox 2136 4474 2235 4515; x_wconf 86' lang='lat' dir='ltr'>Vol.</span> <span class='ocrx_word' id='word_1_357' title='bbox 2259 4475 2295 4519; x_wconf 88' lang='lat'>1,</span> <span class='ocrx_word' id='word_1_358' title='bbox 2314 4484 2447 4524; x_wconf 71' lang='lat' dir='ltr'>pagg.</span> <span class='ocrx_word' id='word_1_359' title='bbox 2473 4476 2548 4514; x_wconf 82' lang='lat'>105</span> <span class='ocrx_word' id='word_1_360' title='bbox 2571 4475 2620 4514; x_wconf 78' lang='lat' dir='ltr'>et</span> <span class='ocrx_word' id='word_1_361' title='bbox 2639 4481 2767 4522; x_wconf 76' lang='lat' dir='ltr'>seqq.</span> 
     </span>
    </p>
   </div>
  </div>
 </body>
</html>
