3347 4999
744 361 868 423 ἰ148
1511 373 1589 419 na
1638 373 1692 419 s.
1749 369 2089 419 FRANCISCO
2139 370 2322 419 coxr.
2923 354 3121 420 OCT.
3187 356 3222 418 4

651 462 896 540 verbo;
953 483 1078 546 ma⁸
1116 461 1171 527 is
1221 459 1600 548 lacrymosa
1648 479 1868 546 prece,
1906 479 2113 544 quam
2168 457 2434 544 loquaci
2481 478 2815 527 sermone.
2854 458 3228 549 Plangen-

652 551 817 620 dum
864 550 1056 640 proin
1115 571 1151 618 e
1198 548 1466 617 dicebat
1516 546 2096 635 praedicatorem,
2162 559 2512 633 tamquam
2563 568 2718 615 vera
2752 547 3011 634 pietate
3069 550 3227 636 pri-

651 653 909 717 vatum,
966 637 1105 706 sive
1151 637 1265 724 qui
1305 637 1371 704 in
1412 634 1919 725 praedicatione
1963 656 2094 704 non
2131 635 2521 704 animarum
2572 635 2840 722 quaerit
2873 635 3222 710 salutem.

654 728 765 798 sed
872 726 1167 817 ropriam
1221 725 1541 804 laudem;
1596 725 1735 793 sive
1782 724 1899 810 qui
2017 724 2336 793 ravitatae
2394 723 2682 793 destruit
2741 724 2913 793 vitae
2946 779 2963 803 ,
3023 724 3226 811 quod

652 816 799 886 aedi
834 830 968 886 icat
1015 816 1291 884 veritate
1356 813 1731 883 doctrinae.
1795 818 1959 881 Prae
1991 812 2321 881 erendum
2374 812 2536 882 huic
2584 812 2854 882 dicebat
2918 812 3224 882 fratrem

652 905 1037 994 simplicem
1105 917 1170 973 et
1214 902 1559 993 elinguem
1602 956 1617 981 ,
1685 902 1805 988 qui
1871 902 2051 970 bono
2121 900 2432 990 exemplo
2498 900 2670 971 alios
2744 903 3078 989 provocat
3135 903 3226 970 ad

655 996 939 1064 bonum.
996 992 1174 1062 Illud
1225 1013 1499 1078 quoque
1565 992 1847 1059 verbum
1885 1042 1902 1068 ,
1973 995 2184 1059 Donec
2247 992 2499 1059 sterilis
2563 993 2821 1081 peperit
2868 994 3228 1079 plurimos

650 1084 734 1171 (Ι.
794 1088 880 1151 Re
938 1138 950 1149 .
997 1082 1075 1169 ιι)
1121 1079 1345 1150 taliter
1390 1079 1814 1168 exponebat:
1870 1101 1904 1144 «
1943 1077 2205 1147 Sterilis
2240 1133 2254 1156 ,
2311 1079 2581 1166 inquit,
2634 1091 2736 1149 est
2784 1079 3005 1148 frater
3045 1103 3225 1167 pau·

654 1193 866 1258 percu
899 1193 981 1240 us
1017 1225 1031 1249 ,
1095 1170 1213 1257 qui
1329 1168 1660 1237 enerandi
1712 1169 1778 1235 in
1831 1167 2131 1237 Ecclesia
2192 1167 2370 1237 filios
2422 1188 2554 1236 non
2608 1168 2811 1238 habet
2859 1167 3218 1237 officium.

654 1261 777 1328 Hic
816 1261 1030 1349 pariet
1078 1259 1148 1327 in
1191 1258 1272 1345 ju
1332 1258 1458 1326 icio
1511 1256 1889 1340 plurimos:
1946 1257 2135 1343 quia,
2172 1277 2345 1342 quos
2389 1278 2573 1325 nunc
2625 1258 2911 1347 privatis
2952 1260 3224 1326 oratio·

654 1348 862 1417 nibus
894 1347 1226 1417 convertit
1272 1345 1356 1414 ad
1409 1345 1781 1423 Christum,
1835 1367 2001 1414 suae
2049 1343 2308 1445 gloriae
2357 1358 2520 1414 tunc
2564 1345 2777 1434 judex
2821 1344 3218 1428 adscribet.

655 1442 839 1520 Quae
890 1435 1142 1505 multos
1190 1434 1394 1504 habet
1441 1433 1666 1514 filios,
1724 1433 2232 1502 infirmabitur:
2288 1434 2445 1520 quia
2504 1433 2935 1523 praedicator
2989 1456 3224 1504 vanus

653 1539 717 1595 et
764 1525 1035 1612 loquax,
1092 1524 1210 1611 qui
1264 1523 1498 1591 multis
1550 1543 1736 1592 nunc
1785 1522 1982 1608 quasi
2031 1544 2155 1591 sua
2189 1523 2433 1592 virtute
2467 1523 2717 1611 genitis
2766 1522 3067 1613 gaudet,
3111 1547 3226 1593 co·

655 1626 935 1703 gnoscet
983 1627 1145 1682 tunc
1195 1633 1266 1683 se
1315 1611 1409 1680 nil
1456 1610 1715 1700 proprii
1766 1609 2016 1679 habere
2066 1610 2131 1678 in
2184 1612 2378 1679 eis.»

742 1704 778 1788 ἓ
824 1704 977 1774 54.
1031 1706 1197 1771 Cum
1248 1699 1459 1789 igitur
1498 1701 1889 1768 animarum
1942 1699 2229 1768 salutem
2286 1700 2621 1770 viscerosa
2686 1699 2941 1790 pietate
3003 1723 3223 1790 appe·

656 1803 841 1870 teret,
894 1804 959 1858 et
1001 1788 1261 1878 fervida
1313 1787 1775 1858 aemulatione
1822 1788 2066 1856 zelaret
2101 1842 2115 1862 ,
2171 1789 2602 1857 suavissimis
2656 1810 2728 1858 se
2776 1789 3076 1858 dicebat.
3129 1813 3225 1858 re-

702 1879 825 1948 leri
873 1880 1224 1958 odoribuS,
1268 1890 1332 1947 et
1378 1877 1575 1963 quasi
1619 1889 1973 1965 unguento
2011 1877 2303 1965 pretioso
2355 1877 2565 1956 liniri,
2605 1900 2763 1947 cum
2798 1890 3221 1948 sanctorum

652 1902 966 2049 Fratrum,
1024 1988 1142 2056 per
1189 1967 1421 2035 orbem
1464 1966 1919 2044 distantium,
1972 1964 2312 2034 odorifera
2364 1964 2542 2035 fama
2608 1967 2861 2036 multos
2934 1967 3222 2035 audiret
3299 2027 3300 2038 ,

653 2057 738 2127 ad
792 2058 967 2125 viam
1020 2056 1320 2124 veritatis
1370 2054 1632 2123 induci.
1689 2059 1781 2123 Ex
1830 2054 2067 2123 talium
2106 2054 2349 2124 auditu
2399 2055 2747 2124 exultabat
2797 2056 2863 2123 in
2925 2057 3221 2144 spiritu.

655 2144 1250 2216 benedictionibus
1310 2144 1502 2212 omni
1551 2143 1944 2232 acceptione
1991 2142 2425 2242 dignissimis
2492 2144 2733 2214 fratres
2791 2143 2957 2212 illos
3010 2166 3226 2214 accu-

654 2233 952 2315 mulem,
1006 2233 1123 2319 qui
1165 2232 1368 2302 verbo
1417 2230 1514 2301 vel
1567 2253 1769 2320 opere
1819 2231 1905 2299 ad
1956 2231 2198 2301 Christi
2252 2254 2554 2302 amorem
2609 2233 3034 2302 inducerent
3074 2256 3226 2324 pec·

654 2336 937 2391 catoreS.
993 2322 1101 2391 Sic
1148 2321 1379 2402 etiam,
1434 2319 1552 2409 qui
1600 2320 1997 2410 religionem
2052 2341 2317 2389 sacram
2371 2322 2630 2408 iniquis
2666 2321 3011 2392 violarent
3062 2345 3225 2412 ope·

658 2411 895 2491 ribuS,
954 2409 1453 2479 maledictionis
1501 2409 1647 2497 ejus
1696 2409 2177 2498 gravissimam
2249 2409 2694 2484 incurrebant
2757 2412 3220 2481 sententiam.

660 2523 693 2565 «
732 2505 778 2569 Α
812 2514 892 2581 te,
933 2499 1238 2580 Domine,
1293 2498 1538 2587 inquit,
1585 2497 2040 2578 sanctissime,
2093 2512 2158 2567 et
2187 2521 2225 2568 a
2276 2511 2411 2568 tota
2458 2498 2730 2569 coelesti
2778 2501 3011 2579 curia,
3077 2515 3147 2571 et
3194 2524 3224 2569 a

658 2610 766 2657 me
801 2587 1085 2679 parvulo
1118 2602 1235 2658 tuo
1269 2589 1406 2658 sint
1455 2588 1826 2667 maledicti,
1879 2588 1998 2674 qui
2036 2610 2162 2658 suo
2206 2586 2386 2656 malo
2415 2587 2725 2677 exemplo
2764 2588 3226 2660 confundunt

655 2691 720 2745 et
752 2677 1136 2759 destruunt,
1190 2676 1371 2765 quod
1428 2698 1546 2766 per
1593 2689 1870 2746 sanctos
1917 2674 2159 2747 fratres
2207 2676 2483 2745 Ordinis
2530 2676 2745 2762 hujus
2790 2676 3219 2749 aedificasti.

655 2780 720 2835 et
767 2766 1128 2835 aedificare
1166 2787 1297 2835 non
1336 2786 1653 2834 cessas.»
1705 2771 1917 2834 Tanta
1966 2763 2358 2851 frequenter
2404 2764 2832 2835 afficiebatur
2866 2769 3220 2838 moestitia

656 2877 866 2945 super
913 2854 1238 2924 scandala
1290 2853 1731 2943 pusillorum,
1783 2866 1860 2922 ut
1906 2852 2196 2922 deficere
2256 2875 2326 2922 se
2376 2867 2688 2944 putaret,
2746 2853 2882 2922 nisi
2936 2855 3222 2925 divinae

654 2943 895 3014 fuisset
942 2942 1343 3013 clementiae
1391 2942 1861 3012 consolatione
1900 2940 2252 3012 suffultus.
2288 2946 2451 3011 Cum
2490 2956 2715 3012 autem
2760 2943 2983 3012 semel
3020 2945 3222 3014 malis

656 3034 972 3102 turbatus
1011 3032 1366 3121 exemplis,
1421 3032 1623 3100 anxio
1671 3032 1923 3121 spiritu
1967 3030 2476 3100 misericordem
2514 3045 2770 3121 patrem
2812 3047 3224 3121 precaretur

656 3143 778 3209 pro
826 3120 1013 3199 filiis,
1070 3141 1475 3209 responsum
1529 3119 1930 3209 hujusmodi
1984 3120 2350 3209 reportavit
2384 3142 2422 3188 a
2455 3120 2791 3190 Domino:
2850 3144 2885 3185 «
2929 3125 3082 3191 Cur
3125 3136 3218 3201 tu,

657 3230 920 3297 pauper
950 3208 1345 3289 homuncio,
1384 3208 1822 3280 conturbaris
1851 3211 1879 3275 ‘t
1915 3212 2007 3277 An
2044 3230 2168 3297 ego
2203 3219 2264 3277 te
2297 3230 2505 3298 super
2540 3208 2954 3299 religionem
2991 3232 3220 3279 meam

658 3296 756 3364 sic
790 3309 1123 3384 pastorem
1177 3297 1469 3377 institui,
1525 3309 1599 3365 ut
1652 3319 1757 3365 me
1794 3296 2247 3387 principalem
2285 3298 2552 3369 nescias
2584 3319 2732 3367 esse
2782 3303 3222 3388 patronum?

658 3386 1022 3454 Hominem
1074 3383 1458 3474 simplicem
1512 3386 1594 3454 ad
1649 3386 1777 3454 hoc
1830 3398 1890 3455 te
1939 3385 2290 3465 constitui,
2344 3398 2421 3455 ut
2466 3408 2642 3473 quae
2691 3387 2758 3455 in
2818 3400 2884 3455 te
2935 3387 3216 3463 fecero,

660 3494 796 3542 non
848 3474 1193 3543 humanae
1244 3474 1649 3555 industriae,
1693 3473 1807 3542 sed
1845 3495 2188 3562 supernae
2222 3475 2480 3564 gratiae
2519 3474 3044 3545 adscribantur.
3087 3482 3221 3565 Ego

658 3563 913 3643 vocavi,
968 3561 1273 3641 servabo,
1311 3573 1377 3630 et
1412 3584 1714 3650 pascam,
1750 3576 1814 3632 et
1847 3563 2005 3632 aliis
2035 3561 2531 3642 excidentibus,
2578 3562 2750 3632 alios
2784 3564 3217 3655 subrogabo,

660 3652 753 3719 ita
802 3663 879 3719 ut
927 3651 984 3720 si
1036 3651 1171 3719 nati
1228 3672 1360 3718 non
1412 3650 1688 3732 suerint,
1743 3650 1990 3721 faciam
2043 3650 2198 3720 illos
2234 3652 2447 3721 nasci.
2502 3657 2578 3721 Et
2623 3652 3223 3741 quantiscumque

658 3739 859 3808 suerit
900 3739 1325 3829 impulsibus
1361 3739 1783 3830 paupercula
1817 3741 1981 3810 haec
2022 3761 2358 3810 concussa
2409 3740 2672 3832 religio,
2714 3740 2903 3811 salva
2937 3764 3225 3833 semper

661 3849 809 3897 meo
860 3849 1142 3897 munere
1194 3829 1647 3919 permanebit.
1702 3853 1735 3894 »

744 3918 780 4003 ξ
826 3921 979 3989 55.
1038 3918 1480 3988 Detractionis
1527 3939 1801 4005 quoque
1851 3918 2120 3997 vitium,
2177 3917 2538 3987 inimicum
2589 3917 2755 3989 fonti
2810 3919 3101 4009 pietatis
3160 3935 3223 3989 et

658 4006 939 4095 gratiae,
987 4018 1335 4094 tamquam
1389 4007 1865 4096 serpentinum
1916 4006 2344 4076 abhorrebat
2379 4028 2712 4088 morsum,
2759 4019 2825 4076 et
2857 4010 3228 4079 atrocissi-

661 4116 840 4163 mam
941 4107 1175 4176 estem‚
1230 4110 1296 4166 et
1348 4095 1658 4184 piissimo
1714 4100 1841 4164 Deo
1881 4094 2348 4166 abominabile
2397 4094 2536 4164 sore
2585 4095 2930 4176 firmabat,
2977 4120 3114 4187 pro
3148 4120 3226 4168 eo

657 4182 837 4270 quod
927 4197 1218 4252 etractor
1265 4186 1655 4254 animarum
1696 4184 2035 4273 sanguine
2086 4185 2415 4274 pascitur,
2456 4206 2632 4270 quos
2663 4184 2894 4274 gladio
2930 4185 3228 4278 linguae-

659 4284 874 4341 necat.
946 4272 1244 4343 Audiens
1305 4274 1511 4343 semel
1583 4272 1859 4342 fratrem
1925 4273 2298 4360 quemdam
2364 4272 2726 4362 denigrare
2785 4273 3052 4344 famam
3125 4277 3227 4345 al-

658 4362 914 4435 terius,
968 4382 1340 4431 conversus
1404 4361 1485 4430 ad
1554 4362 1886 4431 vicarium
1941 4384 2196 4441 suum,
2269 4362 2484 4431 dixit:
2540 4385 2574 4427 «
2621 4366 2883 4451 Surge,
2943 4385 3172 4455 surge
3205 4421 3220 4439 .

657 4448 919 4519 discute
953 4448 1356 4538 diligenter:
1396 4464 1459 4519 et
1495 4452 1548 4523 si
1585 4464 1980 4521 accusatum
2019 4450 2322 4531 fratrem,
2364 4452 2795 4521 innocentem
2838 4456 3219 4541 repereris,
