3347 4999
736 298 863 362 370
1541 314 1619 359 ns
1667 313 1721 359 s.
1775 312 2065 358 nomano
2113 312 2271 359 anes
2868 293 3047 359 OCT.
3109 296 3212 360 ⁴3

647 398 984 468 Dominici
1030 419 1146 466 cor
1197 398 1335 466 oris
1367 409 1431 466 et
1463 397 1827 486 sanguinis
1855 411 2287 466 sacrosancta
2321 396 2669 485 mysteria:
2703 396 3208 485 populumque

647 509 961 557 sermone
1007 507 1126 554 eru
1185 487 1352 565 iens,
1395 485 1697 554 notificet
1742 484 2070 554 omnibus
2118 483 2303 553 hunc
2355 484 2578 552 locum
2634 506 2739 553 me
2789 484 3029 554 crebro
3083 487 3205 554 vi-

647 576 1037 655 sitaturum,
1093 573 1202 642 bic
1252 596 1360 642 me
1422 573 1730 642 fidelium
1783 573 1951 641 votis
1999 586 2065 642 et
2115 573 2432 661 precibus
2480 573 2901 642 affuturum:
2953 573 3210 643 sobrie

646 685 824 741 vero,
881 663 988 752 pie
1036 676 1098 731 et
1139 663 1325 752 juste
1373 662 1440 729 in
1494 662 1622 731 hoc
1662 660 1894 731 seculo
1934 661 2319 731 viventibus
2358 661 2528 730 coeli
2576 661 2864 750 januam
2918 684 3206 732 resera-

646 766 903 822 turum.
937 774 972 817 »
1007 751 1128 819 His
1174 751 1400 830 dictiS,
1440 749 1795 819 confestim
1847 750 1933 818 ab
1972 748 2190 818 oculis
2237 750 2386 839 ejus
2434 749 2798 837 disparuit.
2834 754 3026 819 Mane
3055 774 3204 821 au-

646 853 776 909 tem
829 839 1028 919 fact0,
1082 840 1404 927 episcopo
1454 839 1703 907 Mellito
1750 838 1834 907 ad
1871 837 2325 908 dedicandam
2359 838 2713 907 ecclesiam
2758 837 3196 927 procedenti,

644 952 801 999 cum
859 929 1041 1016 pisce
1093 929 1388 1016 piscator
1426 928 1746 1007 occurrit,
1779 938 1845 995 et
1883 927 2111 995 omnia
2137 947 2313 1012 quae
2363 925 2491 995 sibi
2522 926 2843 995 mandata
2877 926 3196 1008 fuerant,

649 1016 910 1106 pandit.
968 1021 1201 1104 Stupet
1239 1017 1543 1096 antisteS,
1607 1015 2060 1100 reseratisque
2106 1014 2432 1084 ecclesiae
2483 1016 2723 1096 valvis,
2778 1016 2957 1084 videt
2993 1018 3206 1104 pavi·

647 1117 957 1173 mentum
994 1105 1354 1191 utriusque
1403 1103 1749 1192 alphabeti
1782 1103 2226 1259 inscriptione
2261 1103 2633 1193 signatum,
2690 1104 3010 1192 parietem
3078 1106 3206 1175 bis

648 1193 834 1262 senis
884 1193 949 1260 in
1003 1191 1169 1262 locis
1204 1192 1768 1261 sanctificationis
1799 1190 1947 1260 oleo
2026 1193 2298 1272 initum,
2353 1191 2629 1260 totidem
2680 1214 3031 1262 cereorum
3083 1216 3204 1263 re·

647 1280 900 1367 liquias
946 1281 1285 1350 duodenis
1333 1280 1657 1350 crucibus
1707 1279 2082 1359 inhaerere,
2115 1294 2178 1349 et
2214 1281 2411 1366 quasi
2451 1281 2704 1350 recenti
2753 1282 3204 1370 respersione

646 1370 873 1439 adhuc
907 1384 1151 1438 cuncta
1206 1369 1612 1438 madescere.
1667 1368 1858 1450 Quod
1914 1367 2147 1438 videns
2195 1369 2606 1458 Episcopus,
2663 1391 2804 1438 una
2851 1393 3008 1438 cum
3060 1393 3198 1459 po-

648 1459 811 1548 pulo
848 1463 1054 1527 Deum
1110 1458 1579 1535 benedicebat,
1634 1471 1699 1525 et
1752 1457 1849 1525 illi
1895 1457 2156 1546 gratias
2206 1456 2559 1527 referebat.
2617 1462 2738 1529 Dat
2785 1458 2990 1527 fidem
3053 1460 3199 1527 mi—

643 1546 878 1616 raculo
930 1546 1284 1635 piscatoris
1317 1546 1504 1614 illius
1553 1559 1689 1615 tota
1737 1546 2102 1627 successiO,
2157 1567 2330 1632 quae
2364 1547 2540 1615 sicut
2574 1570 2610 1614 a
2660 1559 2848 1635 patre
2897 1568 3198 1636 accepe-

642 1638 767 1715 rat,
824 1636 1028 1704 totius
1061 1634 1529 1714 emolumenti,
1583 1634 1762 1721 quod
1802 1657 1913 1703 ars
1951 1634 2065 1701 illa
2113 1634 2438 1723 deinceps
2484 1635 2544 1703 ei
2586 1635 2947 1715 conterret,
2984 1635 3195 1704 beato

641 1728 833 1793 Petro
888 1724 1084 1811 eique
1133 1723 1585 1793 servientibus
1649 1722 1951 1791 decimas
2012 1722 2358 1792 offerebat.
2419 1728 2605 1793 Unus
2678 1737 2904 1792 tamen
2967 1726 3190 1794 semel

640 1812 951 1881 fraudem
1004 1835 1215 1882 ausus
1252 1811 1520 1891 inferre,
1565 1832 1720 1879 mox
1758 1811 2022 1880 tamdiu
2069 1812 2235 1881 artis
2282 1812 2504 1880 caruit
2553 1811 2921 1891 beneficio,
2961 1812 3191 1883 donec

640 1901 996 2001 confessus
1036 1914 1324 1980 reatum,
1380 1913 1442 1969 et
1490 1899 1796 1969 ablatum
1868 1900 2295 1980 restitueret,
2347 1912 2410 1969 et
2482 1901 2904 1990 promitteret
2951 1924 3188 1971 corre-

640 2003 960 2059 ctionem.

729 2082 764 2165 ξ
810 2083 952 2150 14.
1010 2081 1187 2145 Haec
1235 2099 1391 2145 cum
1430 2088 1711 2145 sanctus
1761 2076 2125 2145 Eduardus
2165 2076 2491 2145 relatione
2538 2097 2616 2145 ac
2673 2077 2951 2166 scriptis
3000 2091 3187 2147 vete-

642 2189 798 2235 rum
848 2165 1223 2246 didicisset,
1278 2164 1361 2233 ad
1415 2165 1907 2234 monasterium
1960 2163 2131 2234 illud
2184 2164 2561 2246 aedificiis,
2620 2166 3184 2255 possessionibus

643 2266 707 2323 et
754 2254 1206 2342 dignitatibus
1256 2253 1462 2322 altius
1522 2252 1981 2322 extollendum
2049 2253 2301 2323 exarsit
2360 2254 2640 2324 animus
2688 2254 2862 2343 ejus,
2907 2268 2974 2324 et
3057 2277 3186 2344 pro

646 2342 1023 2431 privilegiis
1076 2342 1260 2411 illius
1299 2341 1424 2410 loci
1474 2343 1894 2428 caeterisque
1941 2343 2209 2420 causiS,
2267 2341 2560 2411 nuncios
2619 2347 2907 2411 Romam
2959 2355 3185 2412 trans—

645 2428 853 2511 misit,
925 2430 1123 2498 talem
1186 2430 1542 2521 epistolam
1593 2435 1813 2521 Papae
1861 2429 2270 2501 deferentes:
2348 2434 2703 2499 «Summo
2766 2431 3185 2504 universalis

641 2519 968 2588 ecclesiae
1027 2521 1198 2610 patri
1268 2519 1538 2590 Nicolao
1586 2519 1641 2600 ¹⁶,
1712 2519 2074 2589 Eduardus
2122 2520 2340 2608 gratia
2403 2521 2513 2588 Dei
2585 2518 2960 2609 Anglorum
3011 2543 3173 2600 rex,

641 2608 940 2677 debitam
991 2620 1056 2677 et
1128 2608 1617 2698 subJectionem
1672 2620 1736 2677 et
1804 2608 2286 2678 obedientiam.
2338 2608 2839 2702 ‚Glorificamus
2907 2613 3173 2689 Deum,

638 2698 799 2783 quia
848 2719 1086 2767 curam
1132 2697 1333 2766 habet
1374 2718 1537 2766 suae
1585 2695 1835 2765 electae
1885 2697 2246 2779 Ecclesiae,
2298 2697 2640 2782 'quoniam
2694 2697 2763 2764 in
2818 2696 2965 2765 loco
3010 2697 3176 2766 boni

640 2786 1184 2885 praedecessoris
1234 2808 1348 2856 vos
1396 2784 1737 2874 optimum
1800 2807 2261 2854 successorem
2314 2785 2692 2855 constituit.
2747 2790 3180 2876 Quapropter

631 2888 896 2964 Justum
940 2873 1367 2964 judicamuS,
1412 2873 1597 2962 apud
1633 2894 1748 2941 vos
1799 2872 1980 2942 velut
2026 2873 2108 2941 ad
2161 2873 2453 2943 solidam
2498 2886 2755 2963 petram
2817 2895 3066 2942 acuere
3112 2887 3180 2942 et

643 2965 928 3052 probare
976 2984 1212 3032 omnes
1254 2964 1469 3032 bonas
1517 2961 1819 3031 actiones
1855 2974 2142 3042 nostras,
2179 2974 2242 3030 et
2285 2975 2570 3031 vestram
2619 2961 2928 3030 notitiam
2973 2976 3178 3048 atque

640 3052 1024 3120 societatem
1079 3053 1145 3119 in
1198 3052 1376 3122 bono
1409 3051 1683 3128 habere;
1728 3062 2066 3134 quatenus
2094 3072 2208 3118 eas
2257 3050 2659 3119 donationes
2694 3062 2758 3119 et
2786 3047 3168 3140 privilegia,

637 3161 813 3226 quae
860 3140 1289 3208 obtinuimus
1322 3138 1503 3228 apud
1559 3139 2149 3229 praedecessorem
2186 3152 2510 3218 vestrum,
2556 3139 2889 3208 renovetis
2936 3150 3000 3206 et
3048 3161 3177 3207 au-

642 3228 857 3318 geatis
908 3227 1129 3308 nobiS,
1178 3228 1487 3297 videlicet
1526 3239 1599 3295 ut
1646 3225 1831 3313 quod
1884 3225 1996 3295 ille
2045 3227 2436 3315 injunxerat
2478 3227 2675 3297 nobis
2725 3227 2854 3296 sub
2891 3228 3174 3296 nomine

639 3316 1064 3416 obedientiae
1103 3328 1167 3385 et
1210 3317 1657 3416 poenitentiae
1711 3328 1986 3405 propter
2027 3329 2280 3395 votum,
2319 3315 2501 3401 quod
2556 3337 2868 3384 voveram
2918 3315 3013 3383 ire
3035 3319 3172 3384 Ro-

637 3426 824 3472 mam
857 3459 871 3485 ,
925 3416 989 3472 et
1036 3426 1103 3471 ln
1157 3406 1627 3474 remissionem
1678 3405 1991 3472 omnium
2069 3417 2499 3492 peccatorum
2578 3425 2886 3472 meorum
2921 3459 2936 3484 ,
3003 3424 3175 3472 con-

636 3505 898 3561 struere
946 3493 1352 3561 coenobium
1406 3493 1899 3563 monachorum
1936 3493 2002 3559 in
2059 3493 2312 3562 bonore
2352 3492 2640 3581 apostoli
2693 3492 2894 3572 Petri,
2943 3504 3171 3560 ratum

633 3580 921 3660 faciatis,
977 3593 1040 3649 et
1093 3580 1444 3670 privilegia
1501 3582 2008 3670 possessionum
2065 3595 2129 3650 et
2177 3581 2593 3670 dignitatum
2650 3580 2961 3670 ejusdem
3033 3580 3166 3650 loci

635 3669 1079 3748 confirmetiS,
1118 3672 1451 3739 renovetis
1485 3684 1549 3738 et
1581 3669 1989 3738 decernatis.
2026 3677 2163 3760 Ego
2197 3691 2467 3756 quoque
2508 3691 2626 3758 pro
2691 3669 2974 3738 modulo
3020 3689 3176 3738 meo

635 3781 721 3827 au
774 3781 851 3828 eo
900 3772 961 3827 et
996 3758 1328 3828 confirmo
1356 3758 1757 3827 donationes
1789 3771 1853 3827 et
1888 3759 2421 3829 consuetudines
2477 3757 2955 3847 pecuniarum,
2996 3779 3173 3843 quas

635 3782 838 3917 haget
888 3861 1166 3916 sanctus
1208 3853 1441 3916 Petrus
1491 3848 1559 3915 in
1609 3846 1886 3935 Anglia;
1932 3860 1991 3915 et
2033 3848 2219 3936 ipsas
2271 3847 2599 3937 pecunias
2648 3845 2966 3915 collectas
3008 3868 3172 3915 cum

635 3936 981 4026 regalibus
1029 3937 1229 4005 donis
1281 3936 1471 4004 mitto
1511 3934 1726 4015 vobis,
1781 3949 1853 4004 ut
1901 3937 2105 4004 oretis
2157 3958 2276 4024 pro
2311 3957 2441 4016 me,
2480 3948 2544 4004 et
2595 3957 2714 4024 pro
2761 3956 2926 4024 pace
2979 3936 3175 4023 regni

633 4027 790 4105 mei,
844 4040 908 4095 et
940 4026 1337 4095 continuam
1379 4047 1459 4093 ac
1486 4024 1861 4093 solemnem
1902 4026 2298 4093 memoriam
2335 4025 2708 4094 instituatis
2759 4023 2969 4092 totius
2998 4045 3174 4112 gen-

635 4113 720 4181 tis
756 4114 1033 4203 Angliae
1066 4136 1293 4183 coram
1344 4114 1752 4202 corporibus
1786 4124 2182 4182 sanctorum
2233 4113 2730 4201 Apostolorum.
2764 4135 2798 4178 »

721 4203 755 4289 ἓ
785 4209 930 4274 15.
972 4203 1344 4291 Rescripsit
1374 4216 1601 4271 autem
1638 4202 1714 4269 ei·
1736 4207 1916 4292 Papa
1948 4203 2016 4269 in
2047 4201 2231 4270 hunc
2261 4202 2540 4271 modum
2567 4225 2580 4266 ε
2615 4224 2649 4267 «
2677 4199 3001 4270 Nicolaus
3030 4203 3180 4291 epi-

632 4313 883 4380 scopus
926 4314 1161 4363 servus
1211 4314 1559 4363 servorum
1612 4292 1752 4371 Dei,
1808 4290 2304 4380 gloriosissimo
2352 4314 2430 4360 ac
2469 4290 2801 4380 piissim0‚
2837 4289 3180 4377 omnique

683 4417 705 4439 ¹*
732 4417 956 4460 Nicolaus
984 4418 1043 4458 11.
