3347 4999
665 319 750 382 58
1484 334 1560 380 on
1608 334 1665 380 s.
1719 333 1964 381 nAvoNE
2010 331 2196 381 cour.
2848 314 3026 381 OCT.
3102 316 3129 380 1

578 415 665 485 sit
702 415 986 494 bonum,
1029 414 1231 504 Regis
1265 427 1598 484 secretum
1633 414 1888 483 celare:
1924 414 2214 504 gloriam
2253 425 2479 482 tamen
2519 414 2628 483 Dei
2655 413 3144 483 honorificum

576 517 678 573 est
725 503 1172 573 annunciare.
1220 508 1462 571 Verum
1506 502 1624 589 qui
1665 525 1787 572 nos
1818 502 2361 572 calumniabitur
2396 502 2592 572 verba
2629 502 2826 589 quasi
2879 502 3147 571 multi-

580 593 856 682 plicare,
914 605 1091 680 patet
1139 591 1424 679 liquidO,
1477 612 1685 678 quam
1731 613 1864 660 non
1917 592 2276 661 erubescat
2321 590 2553 661 electis
2596 590 2703 659 Dei
2742 592 3138 682 derogare:

576 682 833 768 quibus
881 693 1065 750 tanto
1114 679 1240 750 fuit
1288 680 1586 761 facilius,
1643 703 1777 750 non
1832 680 2036 749 modo
2065 702 2341 749 carnem
2380 681 2701 759 domare,
2758 680 2873 749 sed
2929 681 3146 770 peni-

578 783 690 840 tus
718 782 1204 859 expugnatam,
1237 770 1306 838 in
1340 770 1559 838 virum
1601 768 1976 860 perfectum
2011 780 2300 849 mutare,
2327 784 2585 856 quanto
2610 768 3146 859 irrco‘rporatius

578 882 795 928 unum
831 858 988 927 facti
1038 872 1231 939 erant
1278 880 1437 927 cum
1482 859 1973 945 omnipotente,
2028 859 2148 945 qui
2197 880 2417 949 genus
2461 857 2892 927 mortalitatis
2941 858 3145 928 Adae

580 948 857 1016 veniens
910 947 979 1016 in
1036 947 1434 1017 filiationem
1496 948 1606 1015 Dei
1649 947 1967 1028 formare,
2021 947 2326 1018 dicebat:
2377 950 2613 1017 Sancti
2664 958 2904 1027 estote,
2959 950 3146 1039 quia

580 1060 698 1127 eqo
744 1047 1014 1106 sanctus
1060 1059 1208 1104 sum
1234 1061 1259 1115 ‚·
1308 1047 1408 1105 et:
1467 1037 1810 1125 Confidite,
1855 1038 2019 1127 quia
2045 1060 2163 1127 eqo
2209 1038 2348 1104 vici
2380 1038 2728 1105 mundam.
2776 1036 3136 1123 Quicquid

579 1125 834 1207 dixer0,
887 1139 1066 1194 certe
1115 1124 1348 1193 minus
1394 1138 1535 1205 est:
1598 1146 1755 1194 nam
1807 1125 1930 1194 etsi
1978 1126 2210 1193 omnia
2266 1126 2577 1215 corporis
2626 1125 2760 1194 mei
2812 1126 3140 1195 membra

582 1215 816 1303 lingua
853 1224 1102 1291 essent,
1144 1213 1240 1281 nil
1290 1213 1527 1300 utique
1575 1213 1865 1304 dignum
1904 1214 1988 1282 de
2021 1214 2150 1283 hoc
2198 1213 2652 1282 invictissimo
2703 1215 2817 1282 Dei
2866 1213 3140 1283 athleta

582 1304 1146 1393 pronunciarent.
1177 1303 1386 1403 Cujus
1415 1302 1636 1384 cibuS,
1662 1303 1860 1391 panis
1886 1301 2432 1382 infermentatuS‚
2462 1302 2889 1372 medietatem
2916 1303 3137 1371 cinis:

581 1405 806 1481 potus,
839 1414 1019 1478 aqua
1047 1412 1180 1459 non
1212 1391 1345 1459 nisi
1380 1391 1464 1460 ad
1502 1413 1898 1461 mensuram
1935 1405 2232 1481 sumpta.
2271 1390 2556 1481 Vigiliae
2590 1413 2729 1461 sem
2788 1413 2861 1460 er
2898 1413 3141 1478 usque

582 1481 663 1549 ad
702 1480 1193 1549 defectionem:
1234 1480 1533 1550 'somnus
1584 1481 1690 1548 vix
1741 1481 2169 1570 pertingebat
2223 1502 2446 1567 usque
2502 1480 2585 1549 ad
2656 1502 2726 1549 re
2756 1481 3135 1560 ectionem,

583 1583 659 1638 ut
707 1570 929 1659 magis
978 1591 1134 1637 eum
1188 1568 1446 1654 aliquid
1517 1569 1875 1651 meditari,
1928 1591 2134 1655 quam
2186 1568 2487 1638 dormire
2550 1583 2847 1659 putares.
2910 1570 3142 1638 Lecti-

583 1658 862 1738 sternia‚
919 1658 1177 1726 humus
1215 1671 1279 1727 et
1311 1657 1487 1726 cinis
1519 1658 1915 1747 inspersus;
1953 1657 2224 1727 dicebat
2255 1659 2439 1727 enim
2484 1659 2946 1727 Christianum
2989 1680 3138 1727 non

582 1746 828 1816 debere
861 1748 930 1815 in
982 1746 1250 1815 deliciis
1270 1747 1524 1835 jacere,
1582 1747 1783 1836 cujus
1831 1746 2047 1837 gloria
2096 1745 2401 1826 foenum,
2442 1747 2648 1833 cujus
2696 1747 2855 1816 finis
2903 1748 3144 1833 quoti-

583 1835 693 1904 die
750 1835 1096 1905 festinaret
1144 1836 1212 1903 in
1263 1835 1516 1905 cineris
1565 1836 1944 1904 interitum.
1992 1835 2262 1905 Defesso
2295 1835 2502 1925 capiti
2543 1836 2717 1926 lapis
2760 1836 3138 1924 pulvinar:

586 1938 1055 2015 tegumentum
1098 1935 1242 1993 erat
1288 1923 1459 1992 illud
1504 1924 2020 1994 sanctissimum
2070 1924 2400 1994 cilicium.
2464 1925 2887 1994 Continentia
2939 1924 3136 2004 talis,

583 2027 660 2083 ut
696 2036 866 2102 pene
916 2035 1310 2082 mensuram
1362 2013 1748 2082 excederet:
1806 2014 2129 2103 patientia
2165 2013 2343 2093 talis,
2387 2035 2564 2100 quae
2600 2036 2954 2099 nunquam
3014 2015 3144 2082 tri-

584 2101 1060 2172 bulationibus
1092 2102 1380 2170 cederet.
1434 2102 1846 2188 Habensque
1879 2102 2281 2172 thesaurum
2320 2102 2386 2169 in
2440 2124 2596 2172 vase
2632 2102 2849 2184 fictili,
2905 2102 3140 2171 donec

586 2191 871 2261 mortale
902 2190 1029 2260 hoc
1062 2190 1375 2260 indueret
1409 2190 1987 2261 immortalitatem
2023 2205 2088 2260 et
2111 2192 2579 2280 corruptivum
2612 2192 2738 2260 hoc
2771 2193 3146 2261 vestiretur

585 2280 1209 2369 incorruptionem:
1265 2301 1622 2366 nunquam
1681 2280 1764 2349 de
1811 2281 2334 2370 superveniente
2380 2280 2608 2349 carnis
2658 2280 2970 2348 molestia
3012 2280 3141 2349 do·

585 2368 746 2447 lere,
787 2369 900 2437 sed
939 2390 1209 2457 semper
1256 2368 1337 2436 ad
1393 2368 1810 2458 sperandum
1849 2369 1918 2437 in
1959 2374 2166 2437 Deum
2202 2391 2275 2437 se
2322 2369 2655 2445 animare,
2694 2369 2933 2438 dicens
2982 2369 3143 2458 spi-

588 2458 793 2526 ritui:
835 2462 1039 2546 Spera
1074 2458 1141 2525 in
1183 2462 1335 2537 Dec,
1377 2458 1704 2545 quoniam
1747 2458 1976 2528 adhuc
2009 2458 2385 2528 confitebor
2422 2457 2546 2527 illi.
2590 2463 2955 2546 Lacrymas
2989 2470 3138 2527 tam

588 2546 779 2634 largo
818 2546 997 2615 fonte
1030 2545 1341 2626 fundere,
1378 2557 1452 2616 ut
1486 2559 1761 2635 putares
1806 2548 1871 2615 in
1906 2569 1984 2616 eo
2018 2548 2435 2636 completum
2474 2547 2645 2617 illud
2683 2547 3136 2616 Psalmistae:

587 2637 847 2719 Lavabo
877 2659 999 2726 per
1043 2638 1352 2725 sc'nqulas
1399 2646 1616 2704 noctes
1667 2640 1907 2705 lectum
1964 2659 2221 2706 meum:
2277 2639 2596 2726 lacrymis
2644 2639 2808 2704 meis
2839 2647 3140 2704 stratum

587 2747 805 2793 meum
854 2726 1109 2815 rz'yabo.
1168 2724 1357 2793 Velut
1404 2723 1616 2880 adesss
1663 2746 1702 2791 a
1750 2747 1957 2794 carne
2005 2738 2384 2815 separatus,
2438 2739 2502 2794 et
2541 2725 2857 2795 charitati
2906 2725 3144 2794 incor-

590 2827 893 2903 poratus,
932 2814 1262 2904 optimam
1316 2812 1494 2881 hanc
1592 2813 1904 2883 ominum
1939 2814 2072 2883 sibi
2108 2815 2498 2902 injunxerat
2533 2814 2982 2904 provinciam,
3023 2813 3142 2882 di-

590 2903 983 2972 scordantes
1034 2903 1099 2970 in
1155 2923 1389 2992 pacem
1442 2901 2069 2991 conciliare:.pace
2112 2908 2320 2971 Deum
2372 2903 2610 2985 videri,
2653 2924 2815 2992 pace
2857 2901 2938 2970 ad
2976 2924 3141 2972 coe-

590 2990 806 3070 lestia,
866 2991 1300 3081 praedicanS,
1363 2990 1672 3060 transiri:
1728 2990 1824 3059 sal
1871 3004 2085 3060 terrae
2133 3013 2292 3061 curn
2356 3004 2574 3071 esset,
2628 2990 3134 3061 infatuatorum

590 3079 946 3149 stultitiam
1000 3079 1330 3148 defricare
1362 3134 1376 3161 ,
1430 3079 1824 3149 animorum
1883 3081 2188 3166 quotidie
2238 3081 2635 3169 putredines
2688 3101 3014 3154 resecare.
3070 3092 3142 3149 et

592 3169 1048 3257 poenitentiae
1099 3168 1599 3237 medicamento
1636 3190 1768 3236 non
1821 3172 2134 3239 cessabat
2166 3191 2430 3238 curare.
2471 3169 2867 3238 Confluebat
2899 3181 3135 3237 autem

592 3255 675 3324 ad
727 3279 880 3325 eum
936 3269 1067 3325 tota
1121 3278 1291 3346 pene
1340 3257 1612 3336 vicinia,
1652 3256 1908 3326 nobilis
1954 3271 2018 3327 et
2068 3259 2365 3346 ignotuS‚
2407 3259 2692 3326 mixtum
2743 3279 2986 3348 genuS,
3030 3258 3140 3325 in-

593 3357 818 3436 tegros
849 3344 995 3414 dies
1019 3358 1082 3413 et
1120 3355 1347 3414 noctes
1375 3346 1806 3415 excubabant
1840 3368 1960 3435 pro
1995 3345 2282 3415 foribus.
2338 3352 2698 3433 Nunquam
2738 3348 2885 3414 sine
2917 3348 3138 3434 egeno

594 3432 948 3503 mensula:
1006 3455 1360 3520 nunquam
1389 3435 1536 3503 sine
1564 3434 1832 3525 hospite
1879 3434 2007 3503 fuit
2038 3436 2187 3525 ejus
2224 3435 2498 3504 cellula.
2533 3441 2804 3504 Praeter
2847 3456 2924 3503 ea
2956 3456 3138 3520 quae

593 3524 1016 3592 extrinsecus
1063 3534 1258 3591 erant
1306 3523 1653 3604 instantia,
1713 3524 2114 3610 quotidiana
2166 3523 2318 3610 eius
2370 3523 2760 3593 sollicitudo
2817 3524 3129 3594 omnium

593 3611 1085 3680 ecclesiarum:
1127 3633 1336 3700 super
1367 3633 1539 3698 quas
1576 3613 1665 3680 ita
1691 3611 2095 3702 invigilavit,
2137 3612 2226 3680 ita
2271 3635 2341 3682 se
2372 3612 2733 3693 afficiebat,
2776 3627 3131 3699 tamquam

596 3700 653 3768 si
702 3699 891 3769 solus
933 3701 1078 3800 ipse
1127 3721 1249 3788 pro
1281 3701 1379 3768 eis
1414 3700 1678 3770 debitor
1709 3714 1884 3770 esset
1924 3702 2358 3791 respondere.
2400 3707 2546 3784 Quo
2594 3714 2821 3770 autem
2864 3701 3137 3770 dolente

595 3810 730 3857 non
784 3789 1050 3857 doluit?
1094 3811 1230 3875 quo
1280 3788 1568 3877 frigente
1617 3811 1750 3857 non
1804 3789 2013 3858 alsit?
2080 3813 2217 3876 quo
2269 3792 2566 3880 patiente
2619 3813 2751 3859 non
2804 3789 3138 3879 pertulit?

594 3899 730 3964 quo
769 3891 1007 3966 egente
1056 3899 1190 3945 non
1225 3879 1460 3968 eguit?
1505 3878 1694 3945 Brevi
1747 3889 1821 3946 ut
1866 3878 2274 3948 concludam
2328 3900 2681 3948 sermone:
2734 3901 2892 3948 cum
2944 3879 3136 3948 omni

594 3966 864 4035 fortuna
919 3965 1254 4056 proelium
1307 3966 1655 4036 conseruit
1707 3966 1913 4034 nimis
1943 3989 2134 4036 acre:
2173 3968 2385 4037 tristis
2417 3989 2502 4037 ne
2544 3969 2984 4057 opprimeret,
3020 3979 3136 4036 aut

588 4055 902 4142 jucunda
954 4077 1037 4123 ne
1067 4067 1561 4144 corrumperet.
1615 4053 1802 4122 Infra
1850 4075 1983 4123 non
2036 4057 2361 4137 substitit,
2418 4057 2596 4126 ultra
2648 4078 2781 4125 non
2833 4070 2935 4125 est
2983 4078 3136 4146 pro-

597 4166 914 4234 gressus:
954 4143 1256 4213 medium
1294 4144 1513 4213 firmis
1547 4144 1908 4232 occupavit
1943 4144 2225 4215 viribus.
2272 4151 2435 4214 Vere
2465 4145 2647 4227 felix,
2688 4168 2841 4214 vere
2874 4145 3136 4234 dignis·

598 4233 851 4301 simum
903 4233 1090 4302 omni
1147 4234 1393 4302 otentis
1430 4233 1543 4303 Dei
1593 4231 2051 4313 domicilium,
2088 4245 2181 4303 tot
2215 4235 2560 4322 tantisque
2610 4235 2938 4304 virtutum
2973 4233 3132 4304 odo·

597 4322 931 4392 ramentis
981 4343 1098 4410 rep
1131 4336 1341 4390 etum.

686 4413 721 4498 ξ
770 4415 905 4483 18.
960 4411 1089 4492 Qui
1138 4432 1294 4479 cum
1347 4410 1652 4501 supremi
1694 4409 2088 4500 operisjam
2125 4424 2378 4482 teneret
2427 4411 2804 4503 fastigium,
2841 4425 2906 4481 et
2952 4411 3135 4500 quod
