3347 4999
248 333 424 400 OCT.
480 333 558 398 ⁴4
982 351 1061 397 nn
1109 351 1163 397 S.
1217 346 1589 398 ausemano
1636 347 1891 397 annau).
1942 351 2040 397 m».
2559 334 2674 401 40⁴

248 434 605 504 Zacharias
655 438 743 502 Pa
798 456 836 503 a
885 455 1092 523 super
1139 432 1539 520 hujusmodi
1588 434 1857 524 negotio
1917 433 2298 515 consultus,
2354 437 2775 507 remandavit

249 545 372 613 per
417 522 723 592 Burchar
775 544 893 592 um
947 521 1335 611 pontificem
1385 535 1450 591 et
1499 522 1860 591 Folradum
1912 522 2260 602 Abbatem‚
2332 524 2579 594 melius
2627 548 2776 596 esse

247 611 476 681 vocari
544 611 742 680 illum
793 616 1083 700 Regem,
1136 608 1321 699 apud
1373 631 1576 697 quem
1628 632 1900 679 summa
1952 612 2302 700 potestatis
2348 615 2771 685 consisteret.

248 703 550 786 Dataque
619 700 1018 769 auctoritate
1068 721 1237 778 sua,
1291 698 1613 789 Pipinum
1663 705 1915 788 Regem
1978 700 2300 770 constitui
2341 701 2572 790 jussit.
2629 710 2778 786 Qua

248 787 589 878 legatione
637 791 931 878 peracta,
972 787 1256 875 Pipinus
1291 809 1410 876 per
1447 788 1918 858 auctoritatem
1952 788 2427 878 Apostolicam‚
2465 811 2604 876 qua
2638 791 2773 861 tam

300 877 641 946 robabiles
692 877 816 946 viri
866 877 936 945 in
987 875 1336 945 audientia
1384 877 1761 946 Primatum
1811 877 2086 966 scriptis
2134 900 2214 947 ac
2261 878 2465 948 dictis
2516 879 2776 949 defere-

297 977 437 1045 ant,
496 986 684 1034 more
733 971 1147 1035 Francorum
1196 963 1455 1034 electus
1503 964 1586 1033 ad
1629 987 1941 1053 regnum,
1977 988 2096 1055 per
2125 988 2376 1038 manus
2409 969 2624 1038 sancti
2653 974 2776 1038 Bo-

251 1053 487 1123 nifacii
534 1054 1045 1143 Archiepiscopi
1096 1053 1671 1142 Moguntiacensis
1711 1054 2011 1124 elevatus
2059 1068 2161 1124 est
2194 1056 2257 1124 in
2297 1057 2490 1146 regni
2524 1057 2777 1127 solium

250 1142 321 1211 in
394 1143 840 1213 Suessionum
901 1143 934 1176 ⁴¹
982 1142 1273 1211 civitate.
1354 1143 1484 1223 Qui
1552 1155 1702 1231 post
1771 1166 1887 1233 per
1937 1144 2356 1232 Stephanum
2407 1146 2475 1179 ⁴*
2521 1151 2777 1234 Papam

250 1244 504 1300 unctus
553 1232 623 1299 in
674 1238 927 1321 Regem
973 1244 1037 1300 et
1084 1229 1556 1311 confirmatuS,
1601 1244 1803 1317 atque
1843 1254 1881 1300 a
1920 1232 2335 1321 juramentO,
2377 1234 2557 1320 quod
2602 1234 2779 1303 Chil-

250 1319 484 1389 derico
534 1321 701 1410 Regi
768 1341 931 1389 cum
977 1318 1262 1389 caeteris
1312 1318 1723 1407 primatibus
1771 1319 2039 1402 fecerat,
2094 1321 2449 1391 absolutus
2479 1376 2495 1403 ‚
2549 1335 2781 1422 postea

256 1408 564 1499 regnavit
611 1408 815 1479 annis
862 1407 1282 1500 quindecim.
1324 1407 1750 1477 childericus
1796 1431 1975 1489 ver0,
2018 1409 2138 1496 qui
2187 1408 2357 1479 falso
2405 1416 2608 1500 Regis
2657 1432 2780 1480 no-

255 1499 442 1566 mine
491 1496 926 1586 fungebatur,
985 1511 1176 1565 tonso
1217 1496 1460 1584 capite,
1518 1496 1585 1564 in
1639 1498 2128 1568 monasterium
2181 1499 2436 1569 missus
2482 1511 2607 1569 est.
2650 1499 2780 1568 Sed

255 1585 340 1655 de
393 1585 501 1654 his
544 1586 690 1674 jam
738 1584 992 1655 dixisse
1046 1583 1363 1663 sufficiat,
1435 1606 1731 1671 quorum
1800 1608 1985 1655 nunc
2034 1587 2445 1656 mentionem
2498 1609 2781 1688 prorsus

246 1674 660 1764 attingimus
692 1687 968 1764 propter
999 1672 1475 1742 Burchardum
1515 1687 1850 1753 nostrum,
1888 1674 2009 1761 qui
2053 1675 2258 1744 tantis
2290 1677 2578 1765 negotiis
2612 1690 2782 1746 stre-

255 1785 442 1833 nuus
488 1762 772 1832 omnino
814 1762 1077 1851 legatus
1115 1775 1181 1831 et
1228 1782 1347 1831 coo
1401 1774 1623 1832 erator
1656 1762 2000 1832 intererat.

345 1854 381 1938 ἓ
428 1856 577 1923 13.
630 1857 873 1921 Beatus
922 1850 1135 1940 igitur
1181 1855 1355 1920 Bure
1412 1850 1644 1930 arduS,
1698 1873 1855 1920 cum
1908 1851 1990 1920 de
2023 1850 2134 1920 die
2183 1851 2250 1919 in
2287 1852 2499 1934 diem,
2530 1853 2614 1923 de
2649 1854 2782 1922 vir-

254 1951 396 2011 tute
446 1940 513 2010 in
567 1940 909 2019 virtutem,
951 1940 1035 2008 de
1068 1939 1268 2009 bonis
1316 1937 1400 2007 ad
1453 1939 1734 2009 meliora
1772 1941 2096 2029 proficere
2145 1962 2277 2010 non
2321 1955 2636 2022 cessaret,
2675 1943 2784 2010 in-

253 2028 477 2115 deque
522 2027 702 2097 sama
752 2050 830 2098 ac
883 2028 1211 2097 memoria
1244 2027 1392 2113 ejus
1427 2041 1831 2097 cunctorum
1873 2029 2070 2121 longe
2105 2029 2372 2115 lateque
2403 2030 2603 2116 quasi
2648 2029 2783 2100 mel

250 2139 375 2187 ora
425 2117 911 2197 indulcoraret,
949 2137 1131 2185 anno
1189 2115 1491 2186 secundo
1542 2117 1996 2189 ordinationis
2029 2140 2195 2188 suae
2245 2131 2531 2188 tractare
2563 2119 2787 2209 coepit

257 2228 418 2276 cum
470 2204 1170 2297 comprovincialibus
1204 2204 1583 2294 EpiscopiS,
1626 2205 1996 2293 multisque
2042 2207 2207 2278 viris
2250 2207 2611 2307 religiosis,
2667 2207 2788 2277 sed

258 2293 555 2362 maxime
600 2317 756 2365 cum
807 2293 1104 2383 glorioso
1157 2293 1481 2383 magistro
1530 2316 1680 2373 suo,
1724 2296 2247 2385 metropolitano
2286 2300 2618 2386 Episcopo
2661 2302 2788 2365 Bo-

259 2381 548 2461 nifacio;
589 2383 683 2452 uti
735 2405 968 2452 eorum
1012 2381 1301 2451 consilio
1347 2395 1412 2451 et
1458 2382 1883 2452 adminiculo
1922 2407 2209 2473 corpora
2257 2389 2378 2454 BB.
2414 2391 2787 2475 Martyrum

256 2470 509 2541 Kiliani
559 2471 1039 2557 sociorumque
1085 2470 1235 2560 ejus
1298 2492 1335 2541 e
1393 2471 1585 2552 loco,
1642 2471 1710 2540 in
1762 2494 1896 2560 quo
1959 2473 2044 2543 ab
2093 2472 2489 2544 infidelibus
2538 2477 2790 2545 temere

260 2561 480 2661 posita
528 2559 819 2641 fuerant,
875 2560 1143 2629 levaret.
1190 2559 1477 2629 Collecto
1526 2560 1821 2648 denique
1868 2562 2047 2632 clero
2095 2585 2173 2632 ac
2222 2564 2499 2652 populo,
2544 2564 2791 2632 indixit

246 2648 601 2737 jejunium
640 2704 655 2731 ‚
721 2661 797 2719 ut
843 2648 1036 2739 digni
1102 2662 1380 2737 possent
1428 2649 1736 2738 reperiri,
1798 2673 1838 2719 a
1896 2652 2150 2737 quibus
2198 2653 2414 2721 sancti
2463 2658 2790 2740 Martyres

264 2737 735 2827 permitterent
782 2760 908 2806 sua
955 2758 1240 2826 corpora
1279 2737 1555 2806 moveri.
1594 2739 1964 2808 Constituta
2002 2752 2226 2809 autem
2255 2739 2366 2808 die
2395 2739 2790 2809 elevationis
2853 2774 2859 2780 -

260 2832 658 2912 Martyrum,
698 2826 1025 2895 confluxit
1057 2825 1366 2912 undique
1416 2827 1786 2896 multitudo
1836 2831 2133 2897 maxima
2173 2827 2586 2917 populorum
2619 2850 2633 2895 :
2672 2828 2791 2896 alii

262 2915 620 3004 religionis
670 2914 920 2996 studio,
975 2914 1094 2982 alii
1145 2915 1650 3002 recuperandae
1699 2916 2011 2985 sanitatis
2057 2915 2418 2996 desideri0,
2473 2915 2789 2985 nonnulli

258 3003 470 3073 etiam
498 3002 892 3073 curiositate
920 3003 1441 3081 miraculorum,
1477 3004 1781 3074 universi
1814 3018 2035 3073 tamen
2072 3016 2536 3073 convenerunt
2562 3026 2792 3073 amore

258 3104 327 3161 et
376 3091 809 3160 veneratione
856 3097 1253 3180 Martyrum.
1308 3097 1495 3161 Tunc
1548 3092 1957 3162 venerabilis
2008 3091 2304 3181 pontifex
2351 3091 2792 3162 Burchardus

264 3202 428 3249 cum
479 3180 805 3249 crucibus
853 3194 916 3249 et
968 3179 1360 3260 thuribulis,
1413 3180 1739 3267 omnique
1777 3193 2113 3270 apparatu
2154 3180 2659 3250 Ecclesiasticae
2694 3201 2793 3249 re-

265 3268 545 3358 ligionis
592 3267 677 3336 ad
729 3267 954 3338 locum
993 3268 1384 3358 sepulturae
1417 3274 1785 3358 Martyrum
1826 3269 2175 3358 processit,
2208 3283 2620 3359 acceptoque
2651 3291 2794 3338 sar-

264 3358 447 3437 culo,
504 3356 774 3445 primus
821 3356 1050 3426 fodere
1099 3357 1342 3445 coepit,
1375 3357 1939 3427 subvenientibus
1988 3357 2118 3426 sibi
2170 3358 2527 3440 ministriS,
2555 3359 2639 3426 ad
2669 3359 2794 3427 hoc

264 3467 442 3535 opus
491 3457 689 3514 antea
737 3444 1118 3515 destinatis.
1184 3445 1310 3513 Sed
1362 3459 1720 3534 postquam
1776 3445 1975 3516 tellus
2022 3459 2250 3536 egesta
2297 3461 2420 3528 est,
2473 3470 2608 3516 non
2659 3446 2796 3516 alta

264 3533 508 3604 scrobe
555 3533 832 3603 inventa
881 3547 1042 3603 sunt
1088 3539 1461 3622 Martyrum
1492 3555 1779 3624 corpora
1812 3535 1904 3603 ita
1952 3534 2349 3625 fragrantia,
2378 3537 2794 3606 utomnium

260 3621 864 3692 circumstantium
899 3643 1098 3691 nares
1136 3622 1467 3691 suavitate
1508 3623 1675 3692 tanti
1715 3623 1944 3692 odoris
1978 3624 2426 3713 replerentur.
2464 3624 2798 3694 Carnibus

258 3711 524 3802 quippe
576 3714 948 3798 Martyrum
989 3711 1188 3799 juxta
1235 3710 1465 3780 carnis
1516 3724 1833 3781 naturam
1871 3713 1937 3780 in
1967 3712 2265 3782 cinerem
2301 3713 2616 3791 redactiS,
2647 3732 2797 3780 cae-

260 3812 431 3879 tera,
484 3819 661 3886 quae
707 3821 868 3868 cum
911 3797 1048 3868 illis
1080 3798 1348 3868 fuerant
1388 3798 1681 3881 defossa,
1744 3801 2016 3890 penitus
2066 3802 2462 3890 incorrupta
2523 3802 2801 3869 inventa

263 3899 450 3968 sunt,
507 3886 676 3955 adeo
714 3897 791 3955 ut
834 3908 956 3955 nec
1005 3885 1243 3956 folium
1297 3886 1380 3955 de
1427 3887 1650 3968 libris,
1692 3911 1814 3959 nec
1865 3889 2138 3959 fimbria
2185 3903 2509 3977 corrupta
2543 3888 2800 3959 vidore·

262 3989 377 4046 tur
424 3975 508 4043 de
550 3974 999 4044 vestimentis.
1060 3975 1251 4045 Illico
1289 3976 1714 4046 venerandae
1767 3983 2172 4048 Sanctorum
2222 3978 2576 4064 reliquiae,
2638 4000 2800 4047 cum

262 4063 563 4134 maximo
605 4062 779 4133 Cleri
823 4063 1040 4153 plebis
1095 4085 1180 4133 ue
1223 4064 1522 4154 tripudio
1553 4064 1637 4134 de
1667 4078 1881 4135 terrae
1909 4066 2185 4156 pulvere
2210 4067 2545 4147 levantur,
2592 4089 2670 4136 ac
2700 4088 2804 4136 se-

264 4152 432 4222 ricis
472 4164 858 4222 reverenter
904 4152 1061 4221 invo
1092 4166 1247 4224 utae
1301 4152 1551 4242 palliis,
1608 4155 1935 4224 manibus
1989 4154 2208 4225 sancti
2255 4156 2596 4244 praesulis
2630 4155 2802 4225 sere-

265 4254 395 4321 tro,
424 4262 647 4330 nuper
678 4240 764 4310 ad
799 4239 929 4310 hoc
965 4241 1191 4330 ipsum
1222 4263 1398 4330 opus
1432 4242 1871 4313 ornatissime
1907 4255 2334 4333 praeparatO,
2368 4245 2800 4313 membratim

256 4341 816 4419 componuntur;
871 4329 1082 4417 fitque
1144 4330 1372 4400 denuo
1446 4330 1684 4421 populi
1748 4332 1992 4423 ingens
2039 4353 2466 4413 concursus,
2519 4347 2583 4402 et
2643 4331 2802 4401 inde

326 4456 354 4482 ¹⁸
381 4454 572 4502 Gallice,
591 4455 801 4502 Βοίοεοηε,
821 4465 959 4504 ωηο.
974 4457 1030 4498 ut
1049 4455 1252 4505 videtur,
1271 4459 1362 4498 ⁹152.
1685 4458 1739 4487 *Η*
1768 4460 1859 4510 Huj
1867 4469 1923 4501 us
1942 4458 2161 4506 nomme,
2184 4460 2434 4502 secundus.

434 4538 672 4597 surius
698 4566 725 4584 -
761 4536 931 4600 Vitae
957 4537 1059 4602 SS.
1080 4565 1118 4586 ·-
1149 4537 1278 4602 Vol.
1309 4538 1381 4603 X.
2569 4537 2647 4599 25
