3347 4999
215 327 393 392 OCT.
450 329 488 391 9
895 346 972 391 DE
1021 345 1075 390 s.
1131 344 1438 393 Lunovxco
1487 346 1851 393 axnraANno
1901 346 2081 395 conr.
2543 335 2671 401 295

221 428 608 519 prudentia,
631 450 764 515 qua
806 429 1155 518 praeditus
1186 441 1352 498 enat.
1373 429 1758 499 Humilitati
1791 431 1887 500 sic
1915 431 2235 502 addictus
2263 432 2411 515 fuit,
2447 437 2618 506 utin
2648 438 2760 508 sui

219 517 420 586 nihili
456 518 845 607 cognitione
871 531 936 587 et
971 518 1611 587 viliexistimatione
1659 532 1986 619 perpetuo
2024 534 2425 592 moraretur.
2483 531 2564 595 Se
2611 548 2758 595 om-

215 608 411 675 nium
449 608 516 675 in
568 606 939 675 virtutibus
981 607 1374 687 minimum,
1416 607 1483 674 in
1539 621 1835 695 peccatis
1887 609 2264 677 maximum
2368 614 2754 697 raedicans,

213 695 541 783 omnibus
572 695 854 764 subesse
885 695 1256 784 satagebat,
1295 695 1382 764 ab
1416 696 1586 785 ipsis
1615 697 1888 766 novitiis
1921 696 2004 764 de
2039 697 2185 766 suis
2219 697 2303 766 de
2335 700 2599 771 ectibus
2631 704 2758 773 ad-

221 784 483 853 moneri
521 805 652 852 non
690 782 912 852 solum
947 784 1279 874 gaudens,
1318 785 1447 852 sed
1489 785 1693 853 etiam
1736 806 1937 875 saepe
1981 785 2353 875 imperans,
2398 811 2469 858 se
2522 790 2753 880 ipsum

216 874 728 963 perturbantem
762 873 991 941 omnia
1025 894 1104 941 ac
1139 872 1358 943 solum
1387 873 1602 943 ,ludae
1638 874 2005 963 proditoris
2039 896 2117 943 ac
2148 874 2561 947 daemonum
2600 901 2761 948 con-

212 962 421 1030 sortio
460 962 747 1050 dignum
782 961 1164 1050 appellans,
1196 962 1581 1032 innumeris
1608 962 1862 1067 aliis‘se
1887 963 2112 1051 ipsum
2149 965 2421 1053 probris
2444 978 2507 1035 et
2529 969 2760 1039 convi-

221 1050 348 1118 ciis
373 1051 722 1119 onerabat.
747 1053 1031 1119 Summo
1065 1071 1390 1131 moerore,
1438 1074 1594 1120 cum
1632 1051 2005 1120 honorifice
2037 1066 2155 1120 aut
2208 1066 2606 1133 tractaretur
2642 1068 2762 1128 aut

214 1140 661 1229 exciperetur,
694 1137 1140 1219 afficiebatur,
1181 1139 1296 1219 ita,
1329 1153 1428 1221 ut,
1464 1141 1922 1229 procumbens
1947 1140 2012 1209 in
2039 1163 2286 1231 genua,
2317 1165 2398 1211 ne
2433 1146 2758 1216 manibus

212 1228 362 1296 suis
383 1228 614 1297 oscula
648 1227 952 1317 figerent,
980 1227 1483 1317 deprecaretur,
1522 1251 1599 1299 ac
1631 1229 2055 1317 paternitatis
2088 1230 2282 1299 titulo
2313 1232 2496 1320 prior
2528 1256 2598 1304 se
2637 1235 2759 1305 ho-

216 1317 446 1386 norari
480 1316 880 1385 inhibuerit.
917 1317 981 1384 Si
1012 1338 1214 1403 quem
1247 1316 1524 1387 laesisse
1556 1321 1682 1386 sua
1715 1318 2052 1387 moestitia
2082 1332 2198 1387 aut
2223 1319 2453 1402 aliter,
2484 1322 2758 1392 timuis-

213 1418 334 1485 set,
367 1407 771 1494 genussexus
799 1405 1064 1473 veniam
1100 1407 1441 1495 poscebat.
1474 1407 2081 1477 Concionatoribus
2112 1407 2313 1477 etiam
2351 1409 2545 1498 ipsis,
2581 1433 2756 1497 quos

123 1538 130 1543 -
214 1493 652 1573 instruxerat,
709 1494 1103 1563 ministrum
1157 1517 1228 1564 se
1269 1494 1627 1584 jungebat,
1671 1517 1793 1564 nec
1842 1496 2057 1564 ulli'us
2097 1498 2414 1582 quamvis
2452 1499 2754 1569 inerudi-

211 1596 353 1651 tum
410 1604 792 1652 sermonem
835 1582 1163 1668 despexit.
1215 1588 1289 1652 In
1332 1584 1503 1672 ipsis
1543 1583 1891 1654 favoribus
1922 1583 2336 1656 coelestibus
2384 1600 2448 1656 et
2494 1587 2753 1660 divinis

212 1671 741 1742 revelationibus
781 1670 1067 1739 mirifice
1098 1671 1510 1741 humilitatis
1553 1673 1872 1762 spiritum
1903 1672 2292 1742 custodivit.
2340 1676 2606 1746 Timore
2634 1677 2754 1764 ju-

211 1759 549 1829 diciorum
594 1760 704 1828 Dei
757 1759 1139 1849 perculsuS,
1195 1783 1266 1830 se
1306 1761 1371 1829 in
1418 1759 1761 1830 infernum
1815 1761 2118 1851 demergi
2149 1762 2278 1831 sibi
2318 1764 2447 1853 ipsi
2480 1765 2754 1837 videba-

212 1863 366 1929 tur;
421 1850 531 1918 eui
584 1850 896 1917 timorem
949 1848 1271 1927 filialem,
1324 1873 1364 1918 a
1414 1855 1543 1919 Deo
1593 1850 1917 1940 precibus
1956 1864 2020 1919 et
2071 1853 2308 1939 poenis
2364 1853 2746 1936 obtentum,

202 1937 332 2023 jun
388 1960 533 2015 ens,
581 1951 881 2006 moestus
930 1951 993 2006 et
1048 1937 1340 2026 pavidus
1388 1939 1718 2008 continuo
1771 1940 2168 2028 apparebat.
2225 1941 2553 2013 Eumdem
2597 1966 2752 2033 pro-

211 2026 329 2094 snn
388 2049 464 2095 ae
514 2025 923 2095 humilitatis
973 2026 1293 2116 spiritum
1366 2028 1432 2095 in
1494 2028 1622 2097 sibi
1691 2028 2125 2098 subditorum
2176 2028 2503 2099 cordibus
2556 2054 2749 2121 supe-

212 2115 350 2183 rior
388 2115 682 2184 existens
710 2114 959 2183 inferre
1010 2115 1297 2195 studuit,
1335 2115 1562 2185 dicere
1597 2116 1840 2185 solitus
1876 2117 2274 2207 religiosum
2316 2118 2748 2207 perfectionis

210 2205 544 2293 cupidum
574 2204 819 2272 debere
847 2225 1168 2292 spernere
1201 2227 1295 2282 se,
1328 2227 1647 2294 spernere
1684 2205 1976 2275 nullum.
2008 2228 2332 2295 spernere
2367 2208 2733 2290 mundum,

209 2303 276 2359 et
317 2314 634 2380 spernere
684 2315 754 2360 se
794 2293 1050 2380 sperni.
1107 2297 1181 2361 In
1234 2293 1341 2363 his
1378 2315 1949 2380 unumquemque
1984 2295 2081 2364 sic
2119 2295 2447 2384 proficere
2495 2296 2746 2368 debere

211 2380 504 2451 dicebat.
550 2394 626 2449 ut
683 2382 1044 2467 quantavis
1091 2382 1335 2451 virtute
1391 2395 1454 2451 et
1521 2383 1780 2451 meritis
1837 2382 2068 2453 clarus
2122 2396 2321 2466 esset,
2387 2407 2744 2473 nunquam

213 2481 436 2538 tamen
488 2468 571 2536 de
619 2491 690 2537 se
739 2483 1224 2569 praesumeret,
1282 2485 1397 2540 aut
1438 2493 1508 2541 se
1556 2470 1767 2541 alicui
1820 2472 2208 2561 praeferret.

299 2560 334 2643 ξ
383 2563 476 2628 6.
531 2563 791 2647 Magnis
848 2561 1179 2629 aestuavit
1227 2560 1578 2630 charitatis
1632 2583 1794 2650 erga
1846 2566 2053 2630 Deum
2109 2561 2474 2642 incendiis,
2530 2585 2739 2650 quam

212 2668 564 2732 nunquam
607 2645 1122 2717 tribulationum
1159 2671 1374 2734 aquae
1408 2649 1802 2739 extinguere
1839 2662 2244 2738 potuerunt;
2290 2650 2476 2719 unde
2506 2664 2570 2720 et
2599 2653 2743 2722 zelo

208 2735 323 2803 Dei
374 2735 622 2804 ardens
669 2735 1019 2816 urebatur,
1074 2737 1130 2805 si
1179 2738 1296 2824 qui
1346 2751 1580 2807 eontra
1632 2738 1745 2806 Dei
1803 2751 2161 2827 praecepta
2218 2738 2442 2807 moliri
2479 2751 2598 2807 aut
2646 2741 2740 2808 vi·

203 2823 393 2892 deret
439 2839 556 2893 aut
603 2824 894 2894 audiret.
940 2825 1116 2907 Quin
1166 2840 1231 2896 et
1269 2847 1620 2896 sermones
1667 2827 1818 2917 ejus
1851 2840 1925 2896 ut
1957 2828 2137 2896 faces
2169 2826 2524 2908 ardebant,
2565 2827 2741 2897 nihil

204 2912 291 2980 de
324 2912 535 2982 seculi
574 2914 867 2983 vanitate
915 2914 1197 2983 mixtum
1235 2916 1693 2992 continentes,
1733 2914 1850 2985 sed
1902 2916 1999 2984 vel
2038 2914 2121 2983 ad
2166 2915 2281 2983 Dei
2323 2915 2736 2985 famulatum

207 3000 309 3070 vel
353 3001 434 3070 ad
495 3002 976 3092 poenitentiam
1036 3016 1100 3072 et
1150 3018 1579 3091 peccatorum
1643 3003 2156 3073 detestationem
2219 3002 2459 3071 directi
2518 3017 2735 3074 erant.

207 3094 549 3176 Frequens
575 3091 705 3160 fuit
737 3091 806 3160 in
847 3113 1081 3160 sacrae
1115 3092 1503 3182 Scripturae
1538 3093 1894 3164 sententiis
1927 3104 2044 3160 aut
2086 3096 2489 3160 Sanctorum
2528 3093 2739 3192 gestis

204 3179 657 3259 enarrandis;
703 3201 955 3268 magno
999 3179 1256 3249 fervore
1300 3203 1722 3270 exaggerans
1760 3179 2176 3249 horrendum
2231 3202 2381 3250 esse
2429 3179 2742 3250 incidere

206 3267 276 3334 in
323 3288 572 3336 manus
623 3269 734 3335 Dei
770 3269 1055 3338 viventis
1107 3281 1170 3337 et
1218 3270 1396 3340 irati.
1449 3275 1623 3339 Hine
1677 3269 1910 3358 plures
1972 3291 2041 3338 re
2098 3269 2245 3369 ipsa
2286 3291 2362 3338 ex
2416 3269 2542 3339 erti
2575 3283 2740 3340 sunt

202 3356 293 3425 ab
341 3355 493 3443 ejus
534 3357 1044 3426 conversatione
1100 3359 1290 3427 novis
1348 3380 1618 3447 semper
1675 3359 1743 3425 in
1804 3357 1918 3426 Dei
1971 3371 2294 3428 servitute
2380 3358 2739 3431 ervoribus

201 3444 530 3512 excitatos
591 3446 972 3515 recessisse.
1034 3451 1198 3515 Cum
1260 3446 1512 3516 nobilis
1576 3444 1861 3533 quidam
1911 3467 2351 3516 communem
2413 3447 2734 3517 vitiorum

202 3531 753 3620 objurgationem
817 3532 901 3601 ad
961 3555 1032 3603 se
1082 3535 1530 3626 singulariter
1584 3534 1991 3604 credidisset
2045 3557 2085 3604 a
2146 3535 2338 3605 beato
2399 3535 2737 3605 Ludovico

202 3620 584 3700 directam,
643 3632 925 3690 mortem
960 3676 974 3703 ‚
1028 3644 1237 3708 quam
1303 3622 1365 3691 ei
1432 3623 1895 3692 comminatus
1957 3622 2177 3693 fuerat
2246 3623 2378 3694 nisi
2427 3623 2608 3693 dicta
2665 3623 2735 3692 in

202 3722 535 3801 suggestu
596 3723 958 3791 revocaret,
1014 3710 1300 3780 viriliter
1342 3711 1678 3791 renuenti,
1733 3712 1966 3781 stricto
2014 3713 2082 3780 in
2144 3733 2300 3780 eum
2353 3712 2587 3802 sclopo
2636 3711 2737 3781 in·

201 3811 464 3878 tentat;
519 3797 704 3866 illico
755 3798 820 3865 in
869 3799 1286 3869 Crucifixum
1323 3799 1623 3870 mirabili
1652 3799 2248 3870 transformatione
2278 3798 2557 3889 sclopus
2589 3822 2738 3871 mu·
2824 3831 2825 3834 ¹

201 3899 424 3967 tatur,
478 3887 628 3976 ipso
678 3908 1118 3976 aggressore,
1174 3887 1494 3957 miraculi
1573 3889 1634 3956 vi
1748 3900 2035 3958 rostrato
2090 3911 2168 3958 ac
2228 3888 2494 3957 veniam
2544 3888 2741 3958 enixe

203 3989 517 4065 petente;
574 3976 950 4061 beatusque
997 3975 1405 4058 LudovicuS,
1465 3998 1630 4047 suae
1742 3978 2063 4047 umilitati
2113 3975 2525 4056 consulens,
2580 3975 2741 4065 plus

205 4065 460 4134 timens
518 4064 916 4134 laudantem
974 4063 1304 4153 populum
1357 4086 1562 4150 quam
1628 4065 1938 4155 sclopum
1980 4120 1996 4147 ,
2049 4087 2176 4136 suo
2223 4064 2407 4135 socio
2456 4065 2742 4137 Christo-

204 4151 426 4241 phoro
461 4153 545 4221 de
595 4158 776 4221 Mora
828 4152 1196 4243 praecepit,
1248 4152 1535 4242 signans
1567 4154 1633 4222 in
1667 4154 1818 4254 ejus
1848 4165 2115 4243 pectore
2147 4175 2446 4234 crucem,
2480 4167 2558 4223 ut
2589 4176 2745 4243 pro-

204 4238 473 4329 digium
527 4240 816 4322 celaret,
853 4262 1075 4329 usque
1106 4240 1273 4310 dum
1318 4242 1522 4314 annis
1556 4242 1837 4332 triginta
1885 4243 2246 4314 transactis
2280 4242 2745 4333 interrogatus

205 4328 534 4417 panderet
593 4332 967 4401 veritatem.

294 4418 449 4503 §¹2
507 4423 732 4506 Usque
779 4419 950 4489 adeo
996 4419 1281 4490 ardebat
1343 4418 1412 4488 in
1476 4441 1555 4490 eo
1624 4419 1934 4509 martyrii
2000 4417 2467 4505 desiderium,
2534 4432 2611 4491 ut
2671 4418 2746 4488 in
