3347 4999
216 316 390 382 OCT.
446 318 530 380 ΞΟ
1109 332 1186 378 nn
1235 330 1290 378 s.
1345 330 1617 379 Arimino
1678 332 1867 377 mar.
2540 314 2667 377 587

306 422 343 506 ξ
390 423 533 491 14.
589 417 719 500 Qui
769 429 994 486 autem
1049 415 1383 487 defecerat
1428 415 1789 486 Julianus:
1830 438 1867 481 «
1904 415 2166 504 Impie,
2222 428 2286 484 et
2332 438 2371 484 a
2420 414 2701 485 deorum
2737 469 2752 495 ,

221 508 471 593 inquit,
528 506 750 575 aliene
797 505 1291 586 benevolentia,
1341 526 1497 574 cum
1551 504 1934 582 hesternus,
1991 503 2263 590 inquit,
2318 504 2404 574 sit
2452 505 2761 573 Christus

219 608 404 675 tuus,
459 606 525 664 et
576 596 787 664 unius
833 595 994 671 diei,
1038 606 1103 662 et
1149 594 1235 663 ab
1283 595 1566 683 Augusti
1622 607 1922 682 tempore
1990 593 2311 679 coeperit,
2366 614 2404 660 a
2451 612 2755 678 quonam

222 684 429 755 hodie
477 683 606 754 suit
654 694 925 753 creatus
972 688 1109 753 Rex
1158 685 1518 751 aeternus?
1551 708 1575 744 ι
1622 686 1878 771 Martyr
1905 692 2173 750 autem:
2206 702 2242 747 «
2280 680 2469 763 Quod
2508 680 2591 749 ad
2629 681 2759 750 hu-

221 773 618 843 manitatem
670 771 949 859 quidem
994 772 1254 851 attinet,
1296 770 1800 857 ineffabilisque
1846 781 1911 839 et
1961 767 2443 840 inenarrabilis
2483 768 2761 859 dispen-

222 861 536 941 sationis,
591 882 714 930 seu
761 861 991 929 carnis
1038 873 1395 949 susceptae
1446 860 1847 949 mysterium
1884 859 1971 927 ita
2006 857 2232 940 habet,
2268 879 2308 927 o
2356 862 2757 947 Imperator.

220 955 384 1020 Nam
435 949 614 1036 quod
668 951 908 1019 attinet
956 948 1232 1036 quidem
1283 948 1365 1017 ad
1417 948 1567 1035 ejus
1616 947 1946 1026 divinam,
2001 959 2065 1016 et
2112 968 2288 1034 quae
2333 960 2437 1016 est
2471 959 2627 1015 ante
2661 967 2760 1015 se·

220 1038 380 1108 cula
427 1039 961 1129 generationem,
1018 1037 1286 1107 nullum
1341 1037 1726 1106 invenietur
1759 1049 2031 1125 tempus
2069 1057 2146 1104 ea
2196 1035 2591 1126 superius.»
2620 1039 2761 1103 Im·-

226 1140 496 1217 perator
541 1141 767 1196 autem
819 1127 1220 1197 existimans
1283 1131 1642 1215 Martyrem
1717 1145 1866 1194 esse
1913 1136 2250 1214 agrestem
2300 1123 2701 1212 quempiam
2738 1177 2755 1202 ,

219 1228 286 1285 et
315 1215 506 1285 nulla
552 1215 937 1305 praeditum
969 1215 1378 1295 eruditione,
1423 1213 1744 1295 irridenS‚
1784 1214 2041 1301 inquit:
2082 1235 2117 1279 «
2154 1219 2341 1283 Tuus
2372 1233 2536 1302 ergo
2565 1211 2761 1282 Chri—

222 1318 396 1384 stus,
449 1327 490 1374 o
539 1304 796 1384 infelix,
865 1303 972 1372 bis
1020 1303 1148 1372 suit
1196 1303 1610 1394 generatus?
1656 1304 1725 1372 Si
1773 1323 1930 1371 vero
1978 1313 2337 1392 propterea
2384 1301 2706 1391 gloriaris
2736 1355 2752 1381 ,

224 1405 388 1462 sunt
435 1393 634 1462 etiam
687 1392 869 1481 apud
924 1398 1213 1463 Graecos
1263 1394 1384 1461 viri
1423 1391 1944 1481 sapientissimi,
2000 1412 2133 1459 non
2186 1390 2410 1460 solum
2465 1390 2595 1470 bis,
2637 1387 2757 1458 sed

221 1482 425 1551 etiam
466 1494 564 1550 ter
601 1482 838 1572 geniti.
892 1486 1056 1551 Nam
1107 1494 1171 1550 et
1217 1482 1617 1561 Mercurius,
1655 1479 2068 1570 cognomine
2116 1480 2628 1569 Trismegistus,
2663 1490 2764 1547 ter

225 1570 409 1638 venit
456 1592 528 1639 se
575 1571 643 1638 in
699 1570 958 1640 mundo
998 1570 1386 1652 ostendens,
1424 1568 1772 1656 quomodo
1820 1580 2105 1637 narrant
2151 1568 2302 1657 ejus
2333 1568 2511 1637 sacri
2546 1579 2611 1637 et
2642 1565 2764 1635 ad-

223 1659 524 1728 mirandi
576 1658 766 1738 libri;
819 1672 882 1729 et
930 1659 1083 1728 ideo
1135 1660 1534 1729 nominatur
1570 1657 2103 1738 TrismecristuS,
2158 1656 2228 1725 id
2268 1668 2415 1736 est,
2471 1668 2570 1725 ter
2622 1676 2755 1723 ma·

221 1748 476 1817 ximus.
531 1747 857 1818 Similiter
902 1760 1131 1817 autem
1185 1747 1624 1838 PythagoraS‚
1681 1747 1802 1833 qui
1836 1708 1979 1814 thoc
2027 1745 2154 1813 fuit
2205 1745 2559 1834 posterior,
2617 1745 2766 1832 ipse

223 1858 500 1924 quoque
547 1849 648 1905 ter
688 1838 868 1905 venit
916 1837 984 1905 in
1036 1838 1266 1914 vitam.
1302 1848 1379 1905 ut
1424 1838 1540 1924 qui
1582 1837 1804 1924 primo
1835 1834 2117 1921 quidem
2150 1832 2357 1903 fuerit
2391 1832 2764 1903 nauclerus

225 1926 634 2015 Aegyptius;
709 1925 958 1994 deinde
1006 1925 1449 2014 EuphorbuS,
1506 1925 1591 1993 de
1637 1944 1775 2012 quo
1834 1928 2172 1993 Homerus
2224 1923 2573 1991 meminit:
2649 1942 2762 2011 po·

226 2026 480 2084 stremo
527 2028 752 2083 autem
806 2014 1250 2103 Pythagoras,
1306 2013 1689 2083 Mnesarchi
1741 2011 1953 2089 filius,
2008 2011 2305 2080 Samius.
2342 2033 2377 2077 »

313 2104 349 2188 ξ
396 2108 540 2174 15.
609 2107 861 2203 Martyr
907 2116 1132 2172 autem
1187 2104 1488 2171 suaviter
1533 2101 1832 2171 irridens
1879 2100 2296 2188 elegantiaS,
2351 2098 2448 2167 vel
2529 2098 2760 2188 potius

231 2211 451 2279 nugas
499 2192 829 2278 sapientis
879 2192 1341 2281 Imperatoris,
1373 2205 1437 2259 et
1466 2192 1835 2280 impiorum
1868 2188 2257 2279 gentilium,
2296 2208 2503 2275 quam
2541 2189 2765 2257 verbis

226 2277 619 2359 ostendunt,
654 2279 1037 2360 stultitiam,
1075 2279 1471 2368 conjectans
1500 2293 1728 2349 autem
1772 2283 2165 2367 Tyrannum
2207 2298 2326 2366 per
2361 2276 2527 2345 haec
2561 2277 2767 2346 verba

227 2367 464 2435 conari
513 2367 797 2437 irridere
846 2369 1092 2438 Christi
1141 2370 1678 2468 generationem,
1732 2367 1974 2436 acerbe
2013 2367 2072 2434 ei
2124 2366 2294 2434 dixit
2342 2379 2408 2435 et
2454 2364 2755 2435 sortiter:

232 2456 659 2545 «Oportebat
708 2479 834 2526 nec
883 2458 1003 2527 tibi
1055 2458 1333 2545 quidem
1385 2458 1673 2528 omnino
1722 2455 2155 2546 respondere,
2213 2477 2253 2524 o
2293 2454 2755 2542 iniquissime,

231 2566 355 2614 nec
407 2557 467 2614 te
515 2546 661 2614 ulla
709 2546 984 2637 dignari
1033 2546 1482 2617 allocutione:
1541 2546 1656 2615 sed
1711 2561 1990 2636 propter
2035 2566 2182 2614 eam
2213 2600 2228 2624 ,
2280 2565 2457 2631 quae
2524 2544 2762 2624 adest,

231 2632 775 2711 multitudinem,
819 2636 1144 2722 quoniam
1197 2634 1590 2724 complures
1634 2657 1713 2704 ex
1765 2636 1851 2704 iis
1899 2645 2063 2704 sunt
2110 2632 2194 2703 de
2245 2654 2449 2723 grege
2490 2632 2761 2712 Christi,

229 2721 371 2791 dixi
420 2744 900 2812 quaecumque
946 2725 1111 2807 dixi,
1164 2737 1230 2793 et
1277 2745 1462 2793 nunc
1500 2724 1703 2793 etiam
1757 2724 1981 2792 dicam
2035 2742 2459 2812 parumper,
2527 2740 2765 2788 curam

230 2831 476 2901 gerens
515 2834 752 2882 eorum
807 2812 1088 2883 salutis:
1141 2813 1481 2883 Christum
1526 2813 1612 2882 ab
1661 2812 1798 2883 alto
1848 2824 2224 2901 repetentes
2257 2864 2273 2890 ,
2328 2808 2565 2878 multis
2613 2820 2770 2876 ante

232 2899 489 2969 seculis
534 2903 909 2991 Prophetae
962 2903 1152 2992 prius
1199 2902 1719 2972 annunciarunt
1751 2956 1767 2982 ,
1823 2899 2176 2986 multaque
2225 2912 2386 2968 sunt
2451 2898 2603 2985 ejus
2651 2895 2771 2965 ad-

232 3001 475 3059 ventus
524 2992 937 3070 testimonia,
985 3004 1117 3060 tam
1157 3012 1236 3061 ex
1273 2992 1355 3060 iis
1389 3012 1567 3077 quae
1599 3005 1765 3060 sunt
1801 2987 1985 3078 apud
2036 3010 2157 3056 nos
2193 2987 2516 3064 oraculis,
2555 3006 2764 3072 quam

229 3097 312 3146 ex
359 3078 531 3167 ipsis
591 3081 866 3169 scriptis
916 3079 1297 3170 Sibyllinis.
1370 3081 1530 3168 Ejus
1578 3090 1805 3147 autem
1869 3087 2226 3166 susceptae
2281 3075 2511 3143 carnis
2559 3077 2772 3143 causa

230 3164 358 3235 fuit
409 3180 684 3257 propter
731 3167 1022 3237 salutem
1072 3183 1136 3238 et
1173 3169 1667 3258 reparationem
1709 3166 1947 3254 lapsus
1982 3164 2370 3234 hominum.
2410 3168 2573 3232 Nam
2609 3182 2768 3230 curn

230 3255 526 3324 venisset
575 3256 642 3323 in
698 3269 971 3329 terram.
1026 3278 1298 3327 omnem
1354 3256 1671 3325 morbum
1724 3253 2008 3343 expulit,
2054 3265 2119 3322 et
2165 3272 2438 3322 omnem
2478 3250 2768 3319 infirmi·

231 3355 482 3423 tatem;
529 3357 594 3411 et
639 3344 1143 3416 admirabiliter
1201 3366 1342 3414 uno
1410 3345 1615 3413 verbo
1653 3344 1969 3413 excitavit
2025 3353 2330 3412 mortuos
2390 3343 2506 3427 qui
2571 3338 2773 3409 foete-

228 3432 418 3502 bant.
480 3433 669 3514 Quod
723 3444 947 3502 autem
1012 3447 1112 3504 est
1158 3434 1472 3502 omnium
1526 3433 1823 3501 maxime
1872 3429 2307 3510 admirabile,
2377 3452 2499 3520 pro
2548 3428 2772 3499 salute

230 3519 477 3590 mundi
523 3542 769 3609 passus
818 3534 1100 3591 mortem
1158 3543 1277 3622 per
1324 3526 1631 3603 Crucem,
1670 3521 1868 3591 tertio
1900 3520 2012 3589 die
2044 3520 2340 3590 surrexit
2376 3542 2414 3587 a
2453 3518 2764 3599 mortuiS‚

231 3609 521 3679 testibus
552 3609 637 3680 iis
677 3609 1016 3681 militibus
1054 3632 1172 3697 qut
1209 3609 1573 3680 servabant
1604 3610 1755 3681 e'us
1798 3608 2236 3698 sepulcrum,
2290 3621 2356 3677 et
2391 3607 2763 3696 plusquam

230 3699 630 3788 quingentis
678 3697 1106 3779 hominibuS,
1156 3720 1240 3769 ne
1287 3699 1514 3769 locum
1550 3698 1637 3769 ha
1689 3712 1819 3780 eat,
1849 3697 1967 3786 qui
2004 3696 2146 3766 vult
2175 3695 2587 3767 calumniari
2621 3695 2774 3783 ejus

231 3786 827 3858 resurrectionem.
867 3791 945 3856 Et
990 3809 1148 3857 cum
1201 3787 1610 3857 surrexisset
1655 3810 1696 3857 a
1746 3786 2063 3867 mortuis,
2111 3787 2299 3856 visus
2335 3797 2439 3854 est
2477 3783 2624 3853 suis
2664 3781 2774 3851 di·-

229 3875 545 3967 scipulis„
603 3888 774 3946 totos
819 3875 1276 3966 quadraginta
1328 3876 1476 3946 dies
1512 3898 1672 3946 cum
1723 3877 1822 3946 eis
1872 3896 2194 3956 versans,
2257 3874 2493 3960 eisque
2545 3870 2776 3941 viden-

229 3965 415 4035 tibus
462 3977 527 4035 et
574 3964 1167 4054 adspicientibuS,
1220 3965 1353 4036 fuit
1412 3977 1818 4066 assumptus
1880 3965 1949 4033 in
1999 3963 2250 4033 coelos.
2326 3961 2628 4048 Denique
2674 3960 2776 4032 eis

229 4054 460 4124 Sancti
507 4055 807 4145 Spiritus
854 4053 1113 4123 donum
1168 4053 1445 4124 demisit
1491 4066 1557 4123 et
1601 4065 1952 4133 virtutem,
2008 4052 2179 4122 adeo
2227 4062 2302 4121 ut
2335 4048 2780 4137 loquerentur

223 4141 485 4232 linguis
531 4142 1108 4234 alienigenarum,
1162 4155 1228 4213 et
1277 4164 1411 4213 non
1461 4164 1638 4233 opus
1686 4142 2017 4212 haberent
2066 4142 2455 4229 interprete.
2513 4142 2776 4224 Loque-

222 4230 426 4300 batur
470 4233 654 4302 enim
690 4232 761 4301 in
811 4232 910 4301 eis
951 4236 1243 4301 Sanctus
1278 4231 1599 4321 Spiritus,
1634 4242 1700 4300 et
1733 4230 1942 4301 dabat
1972 4230 2098 4311 eis,
2138 4242 2216 4298 ut
2250 4226 2558 4298 viderent
2596 4247 2777 4314 quae

217 4331 412 4388 erant
452 4320 694 4410 procul
751 4331 1032 4397 remota,
1087 4332 1153 4389 et
1199 4319 1431 4390 futura
1481 4318 1979 4409 praedicerent.
2011 4318 2140 4401 Qui
2173 4316 2452 4406 quidem
2487 4314 2772 4407 egressi,

213 4408 452 4498 ipsum
509 4409 773 4497 ubique
825 4409 1364 4501 praedicarunt,
1416 4421 1482 4479 et
1528 4407 1705 4478 nihil
1754 4407 2170 4490 inferentes,
2239 4418 2506 4498 praeter
2560 4405 2776 4474 solam
