3347 4999
217 326 397 392 OCT.
450 325 522 389 3⁴
894 343 972 387 os
1019 342 1076 387 S.
1114 340 1507 388 wowofflso
1547 341 1645 386 12:1³.
1685 340 2104 388 anismam.
2558 324 2689 388 759

227 447 574 499 servorum
605 425 715 494 Dei
745 424 989 494 usibus
1017 423 1243 493 modis
1267 424 1597 493 omnibus
1622 445 2029 493 conservare
2059 422 2236 493 volo.
2261 428 2360 493 Ita
2384 424 2569 494 enim
2604 425 2779 494 mihi

224 516 329 586 vel
367 513 661 584 maxime
699 513 856 583 usui
905 525 1109 582 erunt
1153 525 1220 582 et
1274 511 1765 594 emolument0,
1819 512 1876 582 si
1929 511 2091 593 illis,
2146 512 2404 599 quibus
2451 512 2535 581 de
2591 526 2775 583 utata

226 602 828 691 sunt,quibusque
856 614 1127 671 constat
1158 600 1318 671 inde
1355 601 1656 691 prospici
1678 614 1745 671 et
1777 600 2116 690 provideri
2137 613 2471 690 oportere,
2501 624 2538 670 a
2595 602 2782 672 unde

225 691 789 783 impendantur.»
840 695 1018 760 Haec
1067 702 1133 759 et
1181 689 1248 759 id
1300 711 1521 781 genus
1569 689 1706 759 alia
1757 688 1971 759 multa
2023 689 2295 759 dicente
2336 693 2529 760 beato
2567 690 2772 761 wolf-

229 804 482 874 gango,
536 781 706 850 adeo
754 779 1185 849 obstructum
1216 792 1319 848 est
1355 801 1433 849 os
1466 778 1893 866 loquentium
1944 779 2209 866 iniqua,
2253 791 2332 848 ut
2363 778 2544 867 quod
2584 780 2776 868 prius

221 869 655 961 carpendum
709 880 1172 957 sumpserant,
1217 867 1364 956 jam
1413 868 1688 959 egregie
1732 868 2335 949 commendarent,
2403 868 2489 937 ita
2539 867 2777 938 dicen-

228 971 365 1030 tes:
414 982 450 1026 «
483 957 824 1027 Humanis
871 957 1128 1037 divina,
1166 970 1244 1026 ut
1277 979 1400 1047 par
1443 969 1569 1037 est,
1612 956 2021 1046 praetulisti;
2053 956 2357 1044 satisque
2394 970 2460 1026 et
2508 970 2776 1026 nostras

224 1069 533 1138 nugaces
562 1045 932 1116 confutasti
982 1046 1301 1127 rationes,
1355 1056 1422 1115 et
1472 1058 1660 1115 tuam
1712 1046 2033 1115 eximiam
2090 1044 2500 1136 sapientiam
2551 1045 2778 1115 decla-

226 1138 418 1207 rasti.
471 1134 654 1205 Nihil
709 1135 852 1223 jam
920 1146 1256 1225 superest,
1314 1134 1447 1203 nisi
1504 1147 1580 1204 ut
1627 1134 1883 1224 pariter
1941 1133 2308 1204 laudemus
2356 1139 2595 1214 Deum,
2652 1134 2771 1221 qni

228 1225 575 1295 Ecclesiae
621 1245 786 1294 suae
835 1236 898 1293 te
943 1223 1132 1293 dedit
1178 1222 1675 1314 dignissimum
1727 1222 2141 1313 praesulem.
2188 1228 2266 1292 Et
2295 1223 2455 1311 jure
2487 1222 2771 1311 quidem

230 1313 429 1383 illum
483 1311 854 1382 laudamus
887 1312 957 1381 in
1000 1310 1256 1391 secula,
1307 1323 1376 1380 et
1415 1311 1536 1381 tibi
1591 1311 1930 1402 promptis
1950 1311 2214 1383 animis
2261 1313 2345 1380 ad
2398 1313 2632 1382 omnia
2660 1334 2777 1402 pa·

231 1423 548 1472 remus.»
598 1405 762 1470 Cum
818 1401 917 1470 sic
966 1421 1129 1491 ergo
1178 1400 1643 1470 Ramuoldum
1694 1400 2163 1471 constituisset
2214 1401 2585 1483 Abbatem,
2640 1422 2777 1471 non

225 1511 475 1581 passus
521 1505 624 1559 est
654 1489 752 1558 vel
807 1475 1031 1569 illum,
1085 1488 1184 1558 vel
1225 1490 1624 1569 monachos,
1660 1490 1814 1579 ejus
1839 1511 2048 1559 curae
2082 1491 2512 1569 commissos,
2549 1489 2766 1560 ullam

226 1579 451 1648 victus
486 1579 621 1669 pati
675 1578 1033 1667 penuriam
1068 1600 1084 1642 ε
1138 1577 1256 1647 sed
1309 1591 1449 1648 tum
1493 1579 1916 1658 animarum,
1956 1591 2101 1648 tum
2135 1600 2501 1668 corporum
2536 1600 2774 1649 curam

225 1689 496 1758 gerens,
545 1666 819 1758 praedia
871 1665 1105 1736 omnia
1146 1680 1384 1737 sancto
1418 1672 1929 1737 Emmerammo
1975 1668 2117 1737 sive
2169 1689 2207 1736 a
2261 1667 2584 1757 Regibus,
2638 1667 2780 1736 sive

223 1757 317 1826 ab
347 1753 522 1826 ‘aliis
623 1755 1009 1847 rincipibus
1046 1755 1318 1836 collata,
1371 1768 1438 1825 et
1490 1757 1578 1825 ab
1617 1755 1769 1847 ejus
1815 1756 2369 1827 antecessoribus
2426 1756 2490 1825 vi
2538 1777 2780 1827 mona-

229 1846 437 1915 sterio
475 1845 561 1914 ab
594 1860 727 1925 ata,
778 1843 1273 1915 monachorum
1309 1856 1376 1914 et
1422 1844 1801 1934 hospitum,
1841 1866 2225 1936 pauperum
2265 1866 2540 1933 quoque
2571 1858 2637 1915 et
2684 1843 2782 1914 fa·

229 1934 462 2005 miliae
508 1934 756 2004 usibus
803 1933 1129 2022 deinceps
1177 1933 1511 2003 servitura
1546 1934 1862 2004 restituit.

314 2025 352 2111 ξ
400 2026 532 2096 n.
566 2028 724 2093 Post
770 2022 938 2092 baec
1020 2044 1245 2109 uoque
1272 2021 1408 2091 alia
1442 2022 1583 2092 duo
1615 2023 1962 2123 virginum
1999 2022 2438 2104 monasteria,
2472 2043 2768 2109 quorum

223 2111 519 2184 alterum
556 2112 900 2201 superius,
946 2044 1236 2180 alterum
1279 2110 1568 2180 inferius
1605 2111 1883 2191 dicitur,
1926 2111 2104 2181 intra
2153 2112 2393 2181 urbem
2454 2112 2775 2202 Ratispo-

230 2222 511 2271 nensem
560 2200 644 2270 ad
698 2199 1036 2302 regularis
1081 2200 1258 2268 vitae
1303 2212 1370 2268 et
1414 2199 1831 2290 disciplinae
1865 2221 2176 2269 normam
2212 2213 2502 2270 conatus
2535 2213 2637 2272 est
2678 2221 2781 2269 re-

229 2310 493 2359 vocare.
547 2293 968 2358 canonicum
1002 2288 1185 2357 enim
1220 2288 1610 2358 institutum
1643 2301 2007 2376 sequentes
2041 2289 2341 2380 virgines
2375 2289 2553 2370 illae,
2596 2286 2769 2358 nibil

228 2398 303 2449 se
343 2377 657 2446 illicitum
692 2377 1052 2446 admittere
1083 2376 1619 2456 arbitrabantur,
1655 2378 1717 2447 si
1764 2399 1837 2447 se
1887 2377 2145 2466 passim
2186 2379 2478 2469 negotiis
2511 2377 2774 2449 secula·

154 2514 159 2519 >
229 2466 425 2536 ribus
463 2465 954 2536 immiscerent.
1012 2465 1202 2536 Unde
1233 2465 1437 2537 fiebat
1484 2479 1738 2548 tamen,
1792 2478 1870 2537 ut
1901 2466 2028 2536 hac
2056 2469 2417 2538 occasione
2453 2487 2778 2559 magnam

230 2555 404 2625 vitae
438 2555 798 2645 religiosae
840 2555 1180 2641 jacturam
1232 2555 1554 2625 facerent.
1609 2556 1684 2625 Id
1731 2577 1885 2625 vero
1944 2556 2412 2626 indesinenter
2459 2555 2777 2626 conside-

232 2666 395 2713 rans
434 2644 677 2714 beatus
709 2645 1023 2724 AntisteS,
1076 2666 1234 2713 cum
1288 2644 1494 2736 longo
1544 2657 1847 2734 tempore
1882 2644 2134 2716 frustra
2168 2646 2306 2715 illis
2345 2643 2781 2734 corrigendis

220 2754 508 2822 operam
561 2747 896 2814 navasset,
950 2733 1133 2821 apud
1189 2755 1260 2803 se
1292 2734 1649 2804 constituit
1693 2735 1764 2802 in
1814 2734 2048 2820 aliquo
2086 2755 2254 2804 suae
2300 2733 2585 2804 ditionis
2635 2732 2781 2803 loco

232 2821 651 2892 monasticae
699 2822 1145 2912 professionis
1179 2824 1481 2913 virgines
1529 2822 1891 2903 collocare,
1930 2843 2225 2909 quarum
2266 2822 2584 2913 religiosa
2616 2842 2784 2890 con-

228 2912 607 2982 versatione
656 2910 993 2998 bonisque
1028 2913 1364 3001 exemplis
1408 2910 1585 2980 aliae
1618 2911 1780 2980 illae
1823 2910 1909 2980 ad
1958 2933 2076 2980 eas
2111 2910 2486 2980 imitandas
2535 2909 2782 2979 invita-

230 3013 506 3069 rentur:
560 2999 742 3087 quod
794 3000 1076 3087 quidem
1134 3001 1340 3070 etiam
1392 3001 1491 3069 sic
1538 3001 1786 3069 evenit.
1853 3004 2019 3069 Nam
2084 3021 2244 3068 cum
2306 2999 2393 3069 ad
2463 3012 2779 3069 sanctum

232 3088 522 3159 Paulum
580 3094 709 3158 Deo
757 3104 1183 3159 sacratarum
1237 3089 1582 3178 virginum
1633 3088 1775 3156 sive
1840 3088 2478 3158 sanctimonialium
2544 3109 2784 3157 mona-

227 3178 514 3247 sterium
569 3178 1030 3259 instituisset,
1084 3199 1323 3246 earum
1373 3175 1957 3265 contemplatione
2002 3176 2180 3245 aliae
2238 3177 2491 3246 mutari
2539 3197 2783 3268 coepe-

231 3279 415 3334 runt.
447 3270 754 3352 Cumque
782 3289 906 3357 pro
934 3267 1017 3335 iis
1047 3279 1329 3335 sanctus
1357 3266 1740 3354 Episcopus
1769 3265 2022 3335 multas
2057 3270 2188 3336 Deo
2218 3287 2453 3356 preces
2482 3265 2778 3347 offerret,

229 3364 367 3422 tam
417 3353 651 3423 divina
704 3355 1134 3434 revelatione,
1185 3375 1394 3441 quam
1448 3354 1760 3423 bumana
1807 3357 2216 3424 anctoritate
2251 3357 2500 3425 meruit
2530 3354 2782 3424 confir·

232 3441 434 3510 mari.
490 3446 579 3510 De
612 3441 918 3512 inferiori
948 3442 1228 3530 quidem
1266 3443 1680 3513 monasterio
1719 3443 2061 3532 ejusmodi
2094 3444 2157 3512 ei
2194 3443 2364 3514 visio
2396 3443 2622 3514 oblata
2653 3455 2781 3513 est.

229 3529 505 3601 Solebat
554 3530 657 3599 vir
703 3530 944 3601 beatus
993 3546 1129 3599 tam
1192 3532 1549 3601 nocturnis
1588 3586 1604 3613 ,
1671 3553 1878 3619 quam
1943 3531 2219 3601 diurnis
2281 3532 2471 3603 horis
2533 3544 2786 3602 cuncta

230 3619 428 3690 urbis
457 3621 866 3689 monasteria
895 3620 1137 3690 crebro
1169 3618 1384 3702 adire,
1421 3620 1656 3707 ibique
1684 3634 1827 3690 tum
1854 3621 2102 3691 orandi
2133 3624 2370 3698 causa,
2404 3633 2547 3700 tum
2576 3621 2784 3690 etiam

225 3707 657 3798 explorandi,
711 3708 1300 3795 quemadmodum
1350 3708 1583 3778 divina
1637 3709 1779 3779 illic
1831 3708 2214 3779 ministeria
2263 3709 2631 3796 cultusque
2677 3708 2787 3778 di-

227 3798 434 3866 vinus
468 3812 928 3887 perageretur,
981 3797 1392 3884 aliquandiu
1443 3797 1743 3867 haerere.
1799 3802 2119 3885 Cumque·
2153 3799 2283 3868 hoc
2334 3810 2532 3889 pacto
2584 3810 2781 3867 nocte

226 3885 530 3975 quadam
580 3898 758 3956 esset
806 3887 874 3955 in
922 3887 1334 3956 monasterio
1384 3885 1734 3969 inferiori,
1791 3886 1913 3957 ubi
1966 3908 2222 3978 corpus
2272 3887 2495 3956 sancti
2546 3884 2791 3955 Erardi

226 3975 564 4062 quiescit,
619 3976 975 4064 repentino
1022 3974 1321 4063 quodam
1375 3997 1618 4065 sopore
1666 3996 1997 4066 oppresso
2045 3988 2329 4045 sanctus
2379 3974 2682 4045 Erardus
2722 3973 2794 4045 ei

228 4067 539 4153 apparet,
597 4063 875 4135 madida
923 4076 1104 4133 veste
1152 4063 1464 4144 indutus,
1509 4064 1741 4151 aitque
1771 4062 1857 4134 ad
1908 4086 2067 4134 eum
2105 4088 2120 4133 ε
2175 4087 2212 4131 «
2250 4063 2577 4134 Precibus
2617 4062 2783 4145 iltis,

228 4172 405 4239 quas
455 4158 585 4223 Deo
657 4174 778 4242 pro
825 4152 1184 4223 communi
1243 4152 1466 4223 salute
1503 4153 1767 4243 jugiter
1813 4152 2067 4233 offers,
2121 4153 2301 4223 scias
2364 4175 2473 4222 me
2533 4151 2785 4222 favere.

233 4245 471 4328 Itaque
504 4243 683 4313 sieut
726 4264 853 4331 ego
890 4241 1049 4321 tuis,
1091 4241 1182 4310 ita
1220 4253 1314 4321 tu,
1351 4263 1634 4329 quaeso,
1682 4241 1855 4312 meis
1891 4241 2324 4313 obsecundes
2360 4240 2554 4311 votis.
2588 4240 2789 4324 Quod

236 4350 347 4398 me
392 4331 617 4401 cernis
671 4331 950 4401 madido
1002 4343 1251 4399 tectum
1310 4330 1759 4412 indumento,
1821 4330 1889 4400 id
1955 4332 2037 4399 ca
2101 4332 2368 4400 noveris
2416 4336 2631 4401 causa
2675 4353 2793 4400 ac·—
2898 4348 2907 4355 “

231 4416 502 4500 cidere,
563 4420 744 4508 quod
808 4419 1371 4492 sanctimoniales
1421 4419 1534 4490 bic
1581 4419 1931 4511 degentes,
1984 4419 2287 4490 assiduis
2347 4419 2631 4508 quidem
2681 4440 2796 4489 me
