3347 4999
205 331 381 398 OCT.
434 333 519 398 28
1125 352 1204 397 1)ss
1251 352 1308 399 S.
1361 351 1581 398 tinam
1628 352 1819 399 mar.
2523 336 2652 401 729

201 435 497 505 seculari
555 435 800 507 militia
847 449 1252 518 versaretur,
1293 436 1516 527 magis
1553 436 1790 506 divino
1835 438 2115 520 parebat
2165 437 2479 526 imperio,
2527 460 2737 526 quam

205 540 502 605 terren0,
571 525 740 595 adeo
800 538 876 594 ut
925 524 1296 595 nonnullos
1342 547 1380 594 a
1433 525 1719 614 profana
1769 525 2193 596 idololatriae
2233 525 2506 596 cultura
2554 548 2741 596 com-

201 627 526 704 pesceret,
579 628 645 683 et
692 614 775 685 ad
817 614 952 683 veri
1005 614 1118 683 Dei
1161 614 1470 684 notitiam
1507 613 1884 684 salutiferis
1913 615 2506 685 admonitionibus
2541 616 2737 687 advo·

199 715 408 772 caret.
478 702 888 773 Militaribus
936 703 1216 789 quidem
1258 703 1503 773 castris
1551 703 1896 784 intererat,
1955 702 2071 774 sed
2105 703 2418 774 coelestis
2454 704 2742 774 militiae

199 792 396 881 signa
433 793 738 882 gerebat.
784 797 1102 863 Armatus
1134 791 1433 880 denique
1468 791 1826 861 videbatur
1856 814 2014 861 cum
2050 793 2151 863 eis
2191 793 2585 874 admisceri,
2619 793 2734 863 sed

199 903 327 971 pro
372 880 784 951 coelestibus
843 881 1088 950 castris
1142 881 1404 950 sociare
1463 881 1595 952 sibi
1656 880 1922 951 alienae
1994 880 2439 969 professionis
2490 882 2740 952 milites

200 970 576 1059 satagebat.
626 970 895 1054 Quibus
943 969 1272 1039 nimirum
1327 991 1463 1039 non
1521 983 1827 1039 terrenae
1888 969 2172 1040 militiae
2230 969 2559 1050 balteum,
2604 992 2736 1040 non

199 1057 600 1147 temporalis
656 1057 982 1147 stipendii
1025 1058 1449 1139 donativum,
1507 1058 1624 1128 sed
1660 1058 1973 1130 coelestis
2021 1059 2461 1149 promittebat
2505 1059 2740 1129 curiae

203 1147 690 1236 municipium,
746 1148 886 1217 Sub
942 1159 1246 1217 terrenae
1306 1148 1536 1234 itaque
1577 1147 1864 1218 militiae
1901 1147 2271 1239 chlamyde
2320 1170 2444 1238 pro
2493 1149 2739 1219 castris

199 1236 612 1306 coelestibus
674 1235 918 1316 stabat,
962 1249 1038 1305 ut
1083 1236 1169 1305 de
1211 1249 1474 1307 terrena
1540 1236 1932 1326 transfugas
1981 1236 2252 1318 faceret,
2305 1236 2565 1324 quibus
2626 1259 2739 1306 nu·

205 1347 472 1395 merum
510 1325 794 1394 militiae
819 1324 1131 1394 coelestis
1157 1339 1458 1415 augeret.
1490 1325 1667 1394 Huic
1701 1338 1763 1394 et
1795 1326 1998 1394 David
2041 1325 2266 1396 simile
2297 1325 2461 1413 quid
2502 1325 2741 1396 fecisse

201 1414 679 1504 cognovimuS,
722 1413 1032 1483 videlicet
1072 1437 1232 1485 cum
1273 1414 1458 1504 apud
1509 1414 1710 1484 Achis
1754 1420 2001 1504 Regem
2055 1414 2249 1495 Geth,
2312 1414 2586 1486 Saulem
2637 1415 2732 1483 fu-

201 1503 401 1592 giens
449 1516 832 1572 moraretur
873 1502 928 1568 *.
1000 1503 1336 1593 Opulenta
1394 1504 1727 1572 nimirum
1787 1503 2007 1591 spolia
2071 1503 2157 1573 de
2222 1504 2331 1574 his
2389 1525 2592 1593 saepe
2642 1525 2743 1573 re—

201 1592 529 1682 gionibus
577 1591 950 1671 auferebat,
988 1593 1246 1679 quibus
1284 1592 1672 1682 praedictus
1711 1592 1913 1661 Achis
1948 1593 2332 1682 imperabat
2363 1615 2377 1660 :
2405 1607 2495 1673 et,
2539 1606 2617 1662 ut
2648 1593 2743 1661 ait

202 1681 602 1770 Scriptura,
681 1682 1102 1770 percutiebat
1170 1682 1372 1751 David
1441 1702 1716 1751 omnem
1770 1693 2018 1751 terram
2056 1737 2072 1762 ,
2141 1703 2266 1751 nec
2316 1682 2743 1768 relinquebat

203 1770 537 1839 viventem
575 1770 800 1839 virum
850 1783 916 1839 et
966 1769 1350 1851 mulierem,
1390 1770 1773 1856 tollensque
1804 1791 1985 1850 oves,
2016 1784 2083 1839 et
2122 1771 2348 1850 boves,
2382 1784 2448 1839 et
2480 1771 2737 1850 asinos,

203 1870 270 1928 et
317 1857 643 1940 cameloe,
696 1871 760 1928 et
812 1873 1048 1939 vesteS‚
1106 1860 1586 1938 revertebatur,
1638 1871 1704 1927 ct
1761 1860 2071 1928 veniebat
2117 1860 2202 1928 ad
2256 1859 2480 1929 Achis.
2525 1863 2737 1942 Quem

204 1969 366 2018 cum
419 1947 867 2037 interrogaret
914 1948 1153 2017 Achis:
1225 1952 1300 2017 In
1369 1969 1573 2035 quem
1625 1947 1887 2018 irruisti
1939 1946 2187 2017 bodie?
2233 1946 2576 2018 fatebatur
2626 1947 2741 2017 ille

203 2057 277 2105 se
322 2047 559 2104 contra
610 2036 969 2105 meridiem
1018 2035 1238 2117 suda,
1294 2037 1393 2105 vel
1444 2048 1680 2105 contra
1734 2037 2046 2125 regiones
2094 2037 2304 2106 Israel
2357 2036 2734 2106 insiluisse.

207 2125 417 2193 David
469 2125 698 2210 itaque
745 2125 1172 2215 alienigenae
1210 2125 1377 2215 Regi
1424 2124 1622 2211 quasi
1656 2123 1975 2195 devotum
2030 2147 2125 2206 se,
2169 2139 2457 2215 urgente
2508 2147 2740 2195 neces-

204 2213 405 2283 sitate
459 2214 913 2303 praebuerat,
971 2213 1087 2284 sed
1136 2235 1215 2283 ex
1269 2212 1552 2300 profano
1614 2212 1765 2300 ejus
1816 2213 2072 2302 populo
2126 2228 2390 2304 strages
2440 2213 2739 2304 plurima

205 2302 683 2371 coacervabat:
743 2302 981 2372 beatus
1029 2323 1184 2371 vero
1234 2302 1483 2371 Fidelis
1531 2301 1662 2369 sub
1712 2303 2044 2372 secularis
2146 2304 2515 2374 rofessione
2567 2302 2743 2372 mili-

205 2389 340 2458 tiae
407 2390 473 2456 in
555 2390 913 2490 procinctu
975 2403 1355 2460 castrorum
1429 2389 1826 2460 coelestium
1904 2391 2072 2461 desu
2128 2393 2308 2462 abat.
2384 2398 2742 2481 Propterea

205 2477 494 2557 munde,
553 2501 765 2549 immo
816 2478 1114 2569 principi
1156 2479 1366 2569 hujus
1417 2477 1686 2558 mundi,
1723 2481 1835 2550 cu'i
1887 2482 2317 2572 specietenus
2364 2481 2617 2552 servire
2652 2480 2744 2549 vi-

202 2566 522 2647 debatur,
571 2567 894 2648 illudenS,
948 2591 1276 2655 sequaces
1321 2589 1631 2656 quosque
1680 2573 2033 2662 satagebat
2063 2572 2484 2651 abstrahere,
2531 2570 2743 2660 potio—

202 2654 439 2742 risque
490 2656 775 2726 militiae
822 2658 1130 2727 coetibus
1176 2680 1573 2749 aggregare.

292 2746 462 2830 §AL
531 2745 652 2814 llle
717 2745 932 2834 igitur
994 2746 1172 2817 ferro
1234 2749 1541 2817 nationes
1603 2748 2002 2820 barbaricas
2050 2747 2548 2827 obtruncabat;
2620 2746 2744 2817 iste

203 2833 438 2924 gladio
477 2834 787 2923 spiritus,
825 2835 1009 2922 quod
1057 2849 1160 2905 est
1196 2837 1476 2907 verbum
1525 2841 1661 2919 Dei,
1702 2861 1741 2907 a
1789 2836 2048 2907 carnali
2104 2837 2262 2914 vita,
2310 2834 2646 2905 inconditi
2679 2848 2743 2904 et

205 2944 441 2991 revera
484 2924 824 2994 barbarici
874 2926 1046 2994 ritus
1094 2924 1410 2996 homines
1456 2927 1831 2996 occidebat.
1864 2925 1987 2995 Ille
2020 2925 2449 2994 diversorum
2480 2937 2746 2994 turmas

204 3011 614 3082 animalium
669 3014 935 3101 rapuit;
990 3014 1101 3082 hic
1139 3016 1375 3084 brutos
1420 3015 1738 3086 homines
1772 3014 1854 3083 ad
1893 3014 2234 3083 Ecclesiae
2266 3013 2645 3093 stabulum,
2680 3025 2744 3082 et

204 3101 668 3189 capessendae
720 3103 1001 3172 rationis
1052 3102 1385 3191 pabulum
1419 3103 1621 3173 vitale
1673 3103 2011 3193 perduxit.
2054 3102 2175 3172 Ille
2220 3101 2580 3188 quaesitus
2634 3102 2741 3170 Dei

204 3210 280 3258 se
332 3189 585 3278 populo
636 3192 1011 3261 testabatur
1055 3192 1356 3260 extitisse
1402 3193 1873 3271 contrarium;
1914 3192 2041 3262 iste
2083 3192 2289 3260 etiarn
2345 3191 2523 3280 parti
2573 3189 2744 3259 fide-

206 3277 380 3346 lium
430 3276 729 3364 quodam
786 3279 986 3348 modo
1033 3301 1106 3349 se
1146 3279 1548 3368 perhibebat
1592 3280 1947 3359 obsistere,
1987 3281 2152 3350 dum
2197 3279 2577 3350 secularem
2618 3279 2745 3349 mi·

205 3364 424 3433 litiam
476 3365 821 3436 videretur
867 3390 1024 3436 cum
1081 3367 1479 3437 infidelibus
1531 3368 1862 3459 bajulare.
1919 3368 2191 3439 Militari
2242 3390 2543 3455 namque
2592 3389 2745 3458 pro·

205 3451 503 3521 fessione
529 3453 658 3523 hoc
690 3456 1260 3544 superficietenus
1289 3456 1646 3527 videbatur
1684 3480 2010 3538 asserere,
2042 3457 2224 3545 quod
2257 3457 2739 3528 haereditatem

207 3541 349 3623 Dei,
402 3541 604 3630 cujus
652 3544 800 3633 ipse
853 3566 974 3633 par
1019 3558 1185 3625 erat,
1223 3544 1513 3616 diversis
1555 3547 1889 3627 moribuS,
1934 3547 2116 3617 velut
2143 3547 2563 3635 quibusdam
2601 3545 2744 3636 gla—
2840 3604 2844 3608 .

202 3630 365 3711 diis,
409 3652 497 3719 op
556 3645 864 3721 ugnaret.
921 3633 1030 3703 Sic
1078 3633 1407 3703 nimirum
1442 3689 1457 3715 ‚
1512 3636 1611 3705 sic
1669 3650 1909 3706 sancta
1949 3636 2140 3706 fraus
2182 3636 2466 3706 liberius
2509 3656 2743 3718 proce-

199 3719 429 3801 debat,
534 3742 649 3789 um
705 3721 787 3805 is,
839 3723 952 3791 cui
994 3722 1299 3811 suspicio
1347 3723 1601 3804 deerat,
1648 3725 2091 3810 acquirendis
2125 3725 2387 3795 Christo
2421 3723 2748 3792 fidelibus

202 3809 586 3879 insistebat.
624 3809 950 3881 Videmus
998 3812 1209 3901 igitur
1255 3813 1419 3898 quia
1468 3812 1708 3883 beatus
1756 3813 2009 3885 Fidelis
2055 3813 2139 3882 ad
2189 3834 2514 3884 coronam
2570 3833 2746 3880 mar-

203 3898 391 3986 tyrii,
433 3898 674 3967 merito
710 3899 1180 3988 praecedente,
1222 3901 1549 3989 pervenit,
1587 3902 1710 3989 qui
1754 3901 2106 3972 lucrandis
2147 3902 2518 3971 animabus
2552 3921 2749 3969 verae

200 3985 560 4057 charitatis
608 3987 835 4057 studio
882 4003 948 4059 et
993 4002 1148 4059 ante
1190 3991 1597 4079 martyrium
1650 3991 2035 4062 desudavit.
2089 3990 2300 4074 Quasi
2345 3990 2529 4060 enim
2569 3989 2745 4058 bona

204 4087 384 4144 terra
429 4089 495 4144 et
542 4075 727 4145 ferax
777 4077 969 4165 prius
999 4099 1278 4167 germen
1329 4080 1551 4150 sancti
1604 4080 1834 4166 operis
1884 4080 2204 4169 protulit,
2246 4092 2313 4150 et
2360 4078 2459 4149 sic
2498 4076 2780 4147 deinde·

204 4163 649 4254 triumphalis
682 4164 941 4254 gloriae
989 4166 1222 4235 lumen
1259 4168 1544 4257 excepit.
1598 4168 1775 4239 Hinc
1812 4182 1914 4238 est
1959 4168 2142 4239 enim
2192 4168 2372 4256 quod
2413 4169 2480 4236 in
2531 4166 2747 4253 hujus

208 4252 453 4322 mundi
495 4255 876 4342 primordio
910 4255 1105 4345 prius
1139 4266 1315 4324 terra
1351 4257 1743 4346 germinare
1771 4258 2211 4350 praecipitur,
2248 4256 2559 4344 sequenti
2595 4276 2747 4325 vero

207 4340 322 4412 die
355 4341 726 4415 luminaria
774 4344 847 4414 in
879 4344 1068 4415 coelo
1117 4343 1327 4415 fiunt:
1372 4345 1536 4433 quia
1580 4367 1853 4419 necesse
1879 4359 1982 4417 est
2030 4368 2154 4417 nos
2205 4347 2427 4436 primo
2474 4357 2748 4416 sanctae

261 4468 290 4496 ⁸
313 4469 370 4509 In
389 4470 425 4510 1.
449 4471 562 4521 Rea.
585 4481 734 4514 xxvn.
