3347 4999
142 349 309 416 OCT.
365 349 446 412 24
764 366 841 412 me
889 367 945 413 s.
1002 337 1249 412 Auerna
1298 367 1488 412 mar.
1544 365 1617 410 ar
1666 363 1865 411 socus
1903 364 2065 412 ,nans
2468 349 2596 411 685

144 465 206 520 et
238 450 635 520 accedentes
685 448 767 517 ad
813 449 1106 519 Verbum
1161 463 1226 519 ct
1274 455 1514 527 Deum,
1562 448 1682 535 qui
1741 462 1842 517 cst
1901 453 2089 517 Unus
2140 449 2511 530 TrinitatiS,
2569 472 2689 541 per

142 540 290 629 ejus
322 537 588 609 cultum
641 537 1162 616 illuminemini,
1216 553 1281 607 et
1327 538 1546 607 divini
1599 537 2034 626 baptismatis
2075 540 2682 626 regenerationem,

144 649 362 715 neque
401 629 500 696 sic
533 626 741 697 simul
788 627 1078 716 pereatis
1113 627 1181 695 in
1227 628 1466 695 vestris
1504 625 1997 715 impietatibus.
2043 648 2078 692 »
2461 652 2472 662 ·

227 719 433 805 515.
468 720 634 785 Cum
668 720 919 806 Martyr
951 714 1117 784 haec
1147 729 1211 783 et
1239 714 1374 783 alia
1410 714 1610 805 plura
1640 714 1897 784 diceret
1928 714 2363 795 mulieribuS,
2398 716 2681 802 quidam

141 807 337 875 exiis
371 806 487 892 qui
533 826 692 874 cum
748 810 926 894 Rege
974 805 1382 882 sentiebant,
1440 803 1543 873 illi
1596 804 1763 873 haec
1814 803 2332 881 renunciarunt,
2387 819 2452 873 ct
2499 805 2688 891 quod

189 906 553 964 erverteret
603 892 1143 962 multitudinem.
1189 899 1322 963 Rex
1359 894 1609 979 itaque,
1648 896 1727 961 ea
1761 913 2004 961 rursus
2053 893 2406 971 accersita,
2467 895 2690 963 simu·

169 1005 294 1053 ans
330 981 989 1066 mansuetudinem:
1046 1005 1080 1047 «
1128 987 1395 1083 Magna,
1442 982 1690 1067 inquit,
1728 1003 1898 1050 usus
1938 1001 2090 1050 sum
2131 982 2200 1049 in
2241 993 2301 1050 te
2340 981 2685 1070 patientia,

143 1071 272 1141 hoc
321 1070 639 1141 consulto
686 1083 750 1140 et
801 1091 933 1140 non
986 1070 1490 1140 inconsiderate
1536 1070 1795 1139 faciens
1845 1081 2123 1160 propter
2169 1070 2685 1159 benignitatem,

145 1174 218 1229 ut
264 1160 483 1230 fracta
531 1158 858 1249 lacrymis
910 1180 1087 1246 quae
1129 1174 1404 1249 propter
1452 1172 1514 1228 te
1562 1158 1973 1240 funduntur,
2026 1171 2091 1228 et
2141 1172 2413 1248 propter
2459 1159 2641 1229 filias
2671 1215 2687 1241 ,

145 1251 348 1320 nobis
401 1270 661 1339 pareas.
702 1271 738 1315 »
789 1247 912 1317 Illa
964 1261 1189 1317 autem
1227 1272 1237 1312 :
1295 1271 1329 1313 «
1362 1248 1529 1330 Quis
1567 1268 1696 1326 me,
1732 1247 1979 1333 inquit,
2018 1269 2058 1316 o
2109 1252 2268 1329 Rex,
2314 1248 2369 1317 si
2417 1249 2539 1317 tibi
2577 1271 2693 1338 pa-

145 1339 430 1417 ruerim,
481 1337 787 1406 liberarit
834 1338 923 1406 ab
972 1337 1153 1426 igne,
1207 1338 1328 1424 qui
1378 1359 1511 1406 non
1562 1347 1776 1426 potest
1822 1335 2189 1425 extingui?
2225 1360 2261 1403 »
2319 1337 2427 1406 Sic
2467 1337 2685 1412 dixit.

144 1439 209 1494 et
247 1426 514 1496 coelum
555 1427 780 1496 statim
833 1426 1151 1495 intuens:
1207 1449 1242 1492 «
1278 1425 1485 1505 Absit,
1531 1425 1778 1511 inquit,
1826 1445 1866 1492 o
1916 1429 2052 1494 Rex
2102 1425 2561 1506 immortalis,
2615 1440 2694 1496 ut

148 1527 209 1583 te
262 1536 528 1605 negem,
566 1515 686 1601 qui
734 1536 807 1583 es
842 1513 1030 1583 solus
1080 1514 1488 1605 Unigenitus
1538 1517 1652 1583 Dei
1703 1513 1915 1595 filius,
1967 1527 2031 1583 et
2079 1513 2353 1583 credam
2395 1515 2538 1583 viro
2570 1515 2690 1603 qui

147 1616 212 1672 te
250 1604 494 1673 habuit
531 1603 981 1692 contemptui,
1034 1615 1098 1671 et
1133 1624 1257 1671 nos
1290 1602 1558 1692 decepit
1594 1602 1919 1691 perjurio.
1959 1628 1984 1666 n
2026 1607 2168 1672 Non
2205 1601 2429 1673 ferens
2461 1604 2692 1691 itaque

144 1687 498 1761 Hebraeus
552 1691 932 1760 libertatem
995 1691 1319 1778 loquendi
1370 1713 1740 1782 generosae
1797 1689 2139 1772 feminae,
2200 1691 2317 1762 sed
2375 1692 2687 1783 deposita

144 1785 376 1862 scena,
430 1792 494 1850 ct
542 1779 769 1849 ablata
818 1779 1117 1860 fictione,
1168 1795 1484 1867 torveque
1532 1802 1681 1849 eam
1723 1791 1788 1849 ct
1816 1779 2074 1850 furiose
2123 1780 2443 1850 intuens:
2484 1804 2519 1849 «
2559 1787 2691 1851 Au-

146 1868 546 1951 dacissima,
598 1869 846 1957 inquit,
906 1869 1178 1948 mulier,
1230 1891 1356 1959 ego
1399 1869 1521 1939 tibi
1554 1869 1699 1957 jam
1741 1889 1983 1938 carnes
2021 1868 2411 1958 discerpam
2456 1891 2536 1938 ac
2584 1869 2693 1939 di-

144 1956 498 2038 lacerabo,
551 1971 616 2027 ct
665 1957 986 2028 intestina
1034 1958 1511 2027 contrectabo:
1563 1969 1628 2026 et
1676 1957 1731 2026 si
1781 1957 1946 2043 quid
1999 1978 2080 2027 ex
2140 1958 2227 2026 iis
2275 1957 2480 2027 suerit
2533 1959 2694 2028 reli-

141 2066 392 2132 quum,
433 2047 498 2115 id
536 2068 878 2137 apponam
909 2035 1396 2116 devorandum*
1416 2047 1732 2115 canibus.
1786 2045 2042 2115 Videbo
2068 2058 2326 2126 autem,
2363 2048 2691 2134 quisnam

143 2145 206 2202 te
232 2135 382 2203 site
418 2135 588 2206 meis
622 2135 946 2205 manibus
976 2147 1362 2224 erepturuS,
1401 2135 1672 2204 etiamsi
1710 2135 2004 2203 maxime
2032 2148 2387 2224 exspectas
2414 2135 2579 2217 fore,
2621 2149 2697 2206 ut

139 2221 256 2290 det
298 2223 420 2292 tibi
456 2223 791 2294 auxilium
830 2229 1240 2294 Nazarenus.
1280 2247 1314 2289 »
1356 2229 1544 2293 Tunc
1578 2222 1941 2292 execrandi
1974 2225 2271 2313 Tyranni
2313 2225 2514 2294 verba
2556 2247 2690 2295 non

142 2310 372 2380 ferens
418 2314 637 2401 prima
680 2313 979 2383 filiarum
1025 2314 1362 2415 MartyriS,
1409 2333 1666 2381 annum
1711 2313 1855 2401 Jam
1908 2334 2120 2402 agens
2168 2312 2689 2390 duodecimum,

139 2402 448 2487 Tyranni
516 2401 752 2471 oculos
816 2415 1270 2492 consputavtt.
1343 2403 1470 2485 Qui
1539 2413 1766 2470 autem
1832 2401 2479 2482 circumsistebant,
2557 2425 2688 2472 non

140 2486 397 2571 zelum,
452 2504 516 2560 et
565 2490 657 2570 id,
714 2491 893 2578 quod
936 2492 1096 2580 jure
1147 2490 1365 2560 fuerat
1409 2489 1716 2571 factum,
1781 2489 2178 2571 laudantes,
2244 2492 2359 2562 sed
2407 2493 2694 2582 tempori

143 2580 555 2659 servienteS‚
611 2580 833 2668 ipsam
885 2594 949 2648 ct
996 2601 1297 2649 sororem
1348 2602 1533 2657 ense,
1591 2600 1747 2648 mox
1808 2579 2234 2650 conficiunt:
2289 2594 2353 2650 et
2402 2604 2560 2650 cum
2616 2603 2697 2650 ex

141 2664 489 2737 defluente
537 2669 875 2758 sanguine
910 2669 1234 2738 manibus
1269 2668 1471 2758 plane
1518 2668 1644 2737 seri
1694 2669 2009 2738 homines
2041 2670 2494 2757 accepissent,
2533 2692 2692 2738 eum

144 2757 349 2824 matri
401 2758 718 2827 offerunt.
774 2762 909 2826 Rex
956 2759 1139 2827 enim
1193 2759 1283 2826 ita
1324 2760 1647 2847 jusserat.
1706 2755 1831 2825 Illa
1877 2778 2032 2826 vcro
2082 2762 2150 2841 (o
2183 2757 2423 2826 sortem
2467 2771 2532 2828 et
2579 2779 2696 2848 ge—

144 2863 475 2915 nerosum
526 2846 837 2915 animum
871 2847 921 2934 l)
966 2860 1027 2915 et
1078 2847 1391 2916 lubenter
1437 2869 1594 2915 eum
1648 2858 1902 2935 gustat.
1947 2857 2034 2925 et,
2082 2867 2241 2914 cum
2286 2845 2372 2914 ad
2422 2846 2693 2915 coelum

144 2934 544 3005 sustulisset
592 2936 876 3005 oculos:
930 2935 1184 3015 «Tibi,
1242 2936 1510 3023 inquit,
1572 2935 1855 3003 Domine
1918 2933 2229 3013 Christe,
2286 2935 2413 3003 hoc
2465 2957 2694 3004 meum

140 3020 355 3090 offero
389 3024 833 3103 sacrificium,
887 3036 951 3093 et
1002 3024 1123 3093 tibi
1167 3029 1492 3113 Martyres
1538 3022 1826 3092 exhibeo
1872 3034 2095 3091 castas
2147 3022 2471 3113 virgines,
2520 3045 2698 3111 quae

141 3127 466 3197 egressae
520 3125 681 3181 sunt
726 3135 805 3181 ex
855 3126 1045 3182 utero
1090 3133 1278 3181 meo:
1333 3134 1492 3182 cum
1532 3112 1791 3199 quibus
1841 3133 1949 3179 me
1996 3132 2268 3197 quoque
2318 3133 2696 3181 connume-

143 3210 366 3268 ratam
420 3201 738 3271 introduc
790 3204 855 3269 in
908 3215 1102 3270 tuum
1156 3201 1579 3279 thalamum,
1633 3213 1737 3276 et,
1793 3212 1867 3268 ut
1913 3199 2080 3268 dicit
2128 3213 2410 3272 sanctus
2462 3200 2690 3283 David,

141 3288 433 3357 ostende
485 3301 765 3358 matrem
812 3303 1090 3378 propter
1138 3290 1318 3358 filios
1354 3288 1743 3357 laetantem.
1780 3310 1815 3354 »

240 3381 278 3454 ἓ
332 3381 479 3448 16.
537 3381 673 3446 Rex
721 3391 948 3448 autem
1001 3378 1409 3468 gravissimo
1455 3399 1532 3445 ae
1589 3376 1911 3446 ritudinis
1960 3377 2178 3446 animi
2227 3377 2507 3448 stimulo
2540 3401 2698 3448 sau·

143 3461 397 3560 cjatus,
438 3479 513 3534 ut
544 3466 663 3551 qui
705 3487 978 3534 omnem
1024 3487 1213 3556 spem
1261 3466 1460 3556 plane
1508 3488 1545 3534 a
1590 3466 1889 3553 jecisset,
1945 3466 2015 3534 in
2066 3489 2216 3535 eam
2267 3466 2397 3536 fert
2428 3481 2697 3537 senten-

148 3560 343 3630 tiam,
399 3576 557 3623 cum
614 3555 776 3624 haec
832 3554 1114 3625 dixisset
1168 3555 1254 3622 iis
1303 3556 1423 3640 qui
1472 3553 1678 3624 simul
1728 3568 1967 3624 erant:
2023 3579 2058 3621 «
2096 3556 2257 3638 Ejus
2303 3556 2584 3642 quidem
2635 3570 2700 3626 et

144 3635 456 3710 filiarum
499 3642 727 3711 mirati
761 3665 1008 3714 sumus
1038 3642 1579 3734 pulcritudinem
1610 3642 1877 3732 (verum
1911 3645 2096 3713 enim
2133 3643 2444 3728 fatebor),
2481 3645 2697 3714 multo

143 3738 380 3798 autem
436 3731 659 3821 magis
708 3731 928 3802 victus
978 3754 1131 3801 sum
1183 3732 1271 3802 ab
1319 3754 1555 3802 earum
1608 3733 2058 3822 temperantia
2097 3746 2163 3801 et
2204 3733 2689 3803 moderatione.

144 3815 224 3881 Et
258 3817 415 3887 ideo
466 3820 637 3889 mihi
688 3821 871 3890 venit
920 3822 987 3889 in
1048 3835 1342 3890 mentem
1396 3821 1753 3902 admirari,
1806 3820 1890 3891 ad
1941 3834 2271 3907 quantam
2322 3822 2692 3891 amentiam

197 3922 640 3979 rocesserunt
671 3910 1062 3990 Christiani,
1121 3924 1194 3980 ut
1240 3909 1469 3980 colant
1507 3910 1885 3986 hominem,
1924 3912 2042 3997 qui
2082 3922 2297 3980 morte
2330 3911 2531 4000 periit
2560 3910 2699 3980 vio-

173 3999 357 4088 enta,
406 4012 470 4069 et
519 4014 716 4068 suam
769 3999 826 4067 ei
879 3999 1277 4088 permittant
1327 3999 1642 4073 salutem,
1681 3999 1802 4086 qui
1839 3998 1966 4068 suit
2006 3999 2257 4089 planus
2304 4013 2371 4068 ct
2411 4000 2697 4088 praesti—-

143 4094 392 4163 glator,
431 4101 498 4157 et
532 4108 603 4156 se
646 4093 853 4157 Deum
894 4102 1145 4157 temere
1185 4087 1576 4189 appellavit.
1618 4111 1653 4154 »

234 4169 270 4251 ἓ
318 4177 454 4246 1¹³.
511 4178 831 4264 Sequenti
894 4189 1120 4247 autem
1183 4178 1295 4246 die
1357 4200 1515 4246 cum
1581 4178 1650 4245 in
1706 4176 1852 4247 loco
1899 4177 2165 4246 excelso
2223 4176 2691 4257 consedisset,

142 4262 412 4358 vocayit
456 4267 775 4335 Aretham
826 4288 986 4336 cum
1038 4266 1266 4345 sociis,
1320 4266 1439 4354 qui
1489 4278 1686 4335 crant
1733 4287 2018 4336 numero
2085 4265 2362 4335 trecenti
2411 4278 2477 4335 et
2521 4287 2692 4353 qua-

142 4336 493 4434 draginta.
549 4357 675 4438 Qui
727 4377 888 4426 cum
959 4355 1433 4435 adstitissent,
1502 4376 1833 4443 magnum
1887 4355 2164 4425 intuens
2212 4354 2521 4424 Aretham
2573 4355 2694 4442 qui

141 4443 293 4500 erat
356 4441 655 4514 affabilis
686 4500 706 4525 ,
763 4458 827 4514 et
877 4445 1271 4515 moderatus
1307 4500 1322 4526 ,
1375 4457 1440 4513 et
1492 4444 1800 4515 moribus
1869 4446 2239 4516 maximam
2303 4443 2699 4513 ostendebat
