3347 4999
764 335 877 398 itt
1536 350 1610 395 oi:
1659 351 1713 396 s.
1773 347 2113 396 FRANCISCO
2161 347 2346 395 cose.
2948 328 3149 394 OCT.
3217 331 3254 393 4

662 436 1083 526 promissum
1116 434 1481 504 consilium
1517 433 2037 522 praetermitti.»
2066 433 2433 502 'transiens
2456 446 2685 502 autem
2714 431 3021 519 quodam
3061 445 3256 500 tem-

664 546 828 626 pore
869 525 981 592 Vir
1032 523 1147 592 Dei
1195 545 1353 592 cum
1408 543 1533 591 suo
1581 523 1767 592 socio
1809 543 1929 612 per
1978 520 2289 611 Apuliam
2332 524 2529 612 juxta
2569 527 2854 591 Barrum
2889 521 3256 589 *invenit

664 636 730 682 in
784 612 891 681 via
941 613 1220 682 bursam
1291 633 1639 700 magnam,
1710 611 1906 697 quasi
1963 609 2162 699 plena
2224 623 2401 680 esset
2450 611 2780 690 denariis,
2827 622 3252 680 tumescen-

667 717 823 782 tem,
862 723 1069 789 quam
1122 701 1373 770 usitato
1429 699 1781 779 vocabulo,
1827 699 2132 767 Fundam
2178 699 2555 789 appellant.
2596 705 2905 769 Morietur
2954 721 2992 766 a
3045 700 3252 769 socio

664 797 928 881 Pauper
975 789 1248 869 Christi,
1305 802 1369 858 et
1411 790 1745 858 instanter
1793 788 2171 868 inducitur,
2224 803 2298 857 ut
2355 791 2560 858 bursa
2612 788 2891 859 tollatur
2940 809 2978 856 e
3017 801 3245 867 terra,

660 902 723 950 et
777 880 1068 969 pecunia
1119 878 1544 968 pauperibus
1591 893 1933 966 erogetur.
1994 877 2242 946 Renuit
2292 881 2511 946 Homo
2547 878 2685 956 Dei,
2739 890 3246 947 commentum

660 968 1029 1039 affirmans·
1067 967 1208 1037 fore
1255 966 1512 1035 diaboli
1566 967 1631 1035 in
1688 968 1899 1036 bursa
1950 966 2257 1035 inventa:
2312 981 2377 1035 et
2416 966 2690 1036 fratrem
2744 987 2878 1036 non
2929 966 3248 1034 suadere

662 1081 802 1128 rem
859 1057 1106 1136 meriti,
1148 1055 1263 1126 sed
1323 1056 1606 1145 peccati,
1660 1055 1883 1124 aliena
1927 1053 2188 1124 scilicet
2237 1056 2585 1145 surripere
2633 1078 2712 1125 ac
2761 1054 3056 1124 donare.
3107 1060 3247 1124 Re-

658 1146 915 1216 cedunt
961 1145 1044 1215 de
1094 1145 1242 1215 loco
1279 1200 1294 1223 ,
1350 1144 1673 1213 festinant
1737 1144 1864 1213 iter
1915 1143 2241 1300 perficere
2291 1156 2637 1234 coeptum.
2716 1144 2842 1213 Sed
2897 1142 3240 1212 nondum

659 1236 954 1322 quiescit
1002 1234 1231 1314 frater,
1286 1255 1500 1302 vacua
1553 1234 1796 1322 pietate
1830 1232 1912 1301 de
1948 1254 2140 1312 usus,
2173 1234 2405 1302 Virum
2445 1235 2555 1302 Dei
2591 1233 2990 1313 molestans,
3024 1234 3242 1320 quasi

709 1325 778 1393 ui
830 1323 915 1392 de
957 1322 1321 1392 relevanda
1371 1343 1755 1412 pauperum
1811 1321 2099 1410 penuria
2142 1343 2275 1390 non
2327 1335 2621 1392 curaret.
2677 1321 3042 1409 Acquievit
3083 1336 3241 1390 tan-

659 1347 814 1481 dein
870 1413 983 1481 Vir
1033 1411 1219 1481 mitis
1270 1410 1492 1479 redire
1541 1411 1622 1479 ad
1682 1411 1934 1490 locum;
1990 1432 2123 1478 non
2174 1423 2251 1479 ut
2298 1409 2532 1480 fratris
2583 1410 3009 1480 voluntatem
3075 1433 3238 1500 per-

662 1501 917 1579 ficeret,
971 1501 1087 1569 sed
1139 1512 1215 1570 ut
1245 1501 1582 1589 detegeret
1632 1498 2047 1599 diabolicam
2111 1498 2453 1569 fraudem.
2509 1505 2845 1570 Reversus
2900 1512 3010 1568 est
3069 1521 3241 1589 ergo

660 1590 744 1659 ad
800 1589 1107 1659 Fundam
1159 1610 1318 1658 cum
1372 1587 1577 1657 fratre
1624 1601 1688 1656 et
1719 1609 1974 1676 juvene
2025 1587 2352 1675 quodam,
2406 1590 2526 1676 qui
2577 1601 2720 1657 erat
2763 1588 2831 1656 in
2883 1589 3026 1657 via.
3073 1591 3241 1658 Ora-

665 1680 847 1748 tione
900 1678 1303 1767 praemissa,
1339 1677 1540 1766 jubet
1588 1676 1773 1746 socio
1823 1676 2008 1746 illam
2065 1676 2309 1747 levare.
2365 1676 2826 1747 Tremesactus
2859 1675 3092 1747 frater
3120 1677 3240 1746 ob·

662 1769 971 1857 stupuit,
1025 1766 1445 1836 diabolicum
1515 1766 1659 1855 jam
1719 1766 2184 1855 praesentiens
2238 1779 2667 1846 monstrum;
2726 1779 3012 1856 propter
3069 1767 3237 1837 obe-

661 1857 962 1926 dientiae
1012 1869 1236 1926 tamen
1292 1867 1568 1924 sanctae
1632 1855 2034 1924 mandatum
2069 1910 2083 1933 ,
2138 1854 2558 1946 dubietatem
2612 1855 2898 1946 abigens
2952 1856 3229 1934 cordis,

663 1968 950 2015 manum
1024 1943 1327 2012 extendit
1387 1943 1469 2013 ad
1525 1943 1836 2013 bursam.
1911 1948 1987 2011 Et
2032 1965 2191 2013 ecce
2239 1965 2522 2034 serpens
2576 1965 2708 2013 non
2764 1943 3106 2014 modicus
3156 1944 3234 2014 de

658 2037 869 2104 bursa
902 2033 1248 2113 exsilienS‚
1287 2031 1638 2119 simulque
1666 2054 1826 2122 cum
1864 2032 2013 2119 ipsa
2044 2032 2274 2101 subito
2306 2054 2745 2113 evanescens,
2790 2031 3230 2102 diabolicam

658 2123 1125 2212 deceptionem
1159 2120 1348 2190 fratri
1383 2122 1804 2190 monstravit.
1839 2121 2122 2190 Hostilis
2162 2121 2391 2208 itaque
2422 2123 2758 2191 versutiae
2780 2119 3229 2210 deprehensa

660 2212 929 2281 fallacia
965 2266 979 2291 ,
1034 2210 1203 2279 dixit
1252 2211 1366 2278 Vir
1418 2223 1701 2280 sanctus
1749 2208 1831 2279 ad
1887 2210 2193 2279 socium:
2248 2233 2284 2276 «
2341 2211 2637 2280 Pecunia
2687 2210 2900 2280 servis
2956 2212 3137 2288 Dei,
3201 2234 3233 2279 o

660 2301 889 2378 frater,
938 2297 1112 2367 nihil
1165 2298 1350 2367 aliud
1394 2311 1518 2379 cst,
1571 2321 1776 2386 quam
1833 2298 2153 2368 diabolus
2200 2312 2265 2368 et
2303 2299 2586 2369 coluber
2619 2320 3048 2369 venenosus.
3113 2324 3151 2366 ι»

748 2392 783 2476 ξ
834 2392 975 2460 ⁴18.
1017 2387 1275 2456 Accidit
1315 2402 1465 2476 post
1512 2389 1680 2456 haec
1727 2387 2077 2474 quoddam
2134 2387 2452 2457 mirabile
2501 2389 2653 2458 Viro
2703 2401 2975 2470 sancto,
3059 2389 3228 2460 dum

663 2501 734 2548 se
774 2478 855 2548 ad
911 2477 1250 2547 civitatem
1306 2481 1700 2555 senensem,
1755 2499 1965 2548 causa
2014 2476 2350 2579 exigente,
2408 2476 2824 2548 transferret.
2860 2482 3037 2548 Tres
3074 2479 3230 2567 qui·
3287 2538 3294 2547 .

661 2567 813 2635 dem
870 2566 1193 2637 mulieres
1245 2566 1752 2655 pauperculae,
1810 2572 2066 2637 statura
2100 2621 2115 2645 ,
2175 2580 2392 2635 aetate
2440 2589 2519 2636 ac
2568 2567 2741 2636 facie
2792 2589 2913 2657 per
2979 2571 3226 2637 omnia

661 2655 949 2736 simileS,
1013 2657 1080 2723 in
1145 2654 1444 2742 quadam
1496 2656 1559 2724 ei
1608 2676 1862 2745 magna
1914 2654 2197 2744 planitie
2244 2656 2419 2724 inter
2468 2656 2883 2745 Campilium
2938 2670 3012 2727 et
3071 2663 3228 2727 San·
3281 2610 3300 2731 ,Ὗ

658 2759 844 2815 ctum
898 2745 1252 2827 Quiricum
1304 2759 1780 2825 occurrerunt,
1838 2766 2088 2813 novum
2135 2744 2571 2813 salutationis
2613 2745 3142 2816 munusculum
3175 2750 3223 2815 ei
3281 2762 3298 2879 ff

660 2836 1062 2905 offerentes:
1101 2856 1135 2899 «
1174 2838 1353 2901 Bene
1400 2833 1648 2912 veniat,
1691 2832 2039 2919 inquiunt,
2069 2832 2354 2902 domina
2403 2848 2861 2924 paupertas.»
2898 2838 3064 2917 Quo
3115 2859 3224 2905 au·
3291 2872 3292 2879 κ

657 2923 849 3003 dito,
907 2932 1108 2992 verus
1168 2922 1596 3021 paupertatis
1653 2926 1928 2992 Amator
1986 2921 2330 2990 indicibili
2384 2922 2682 3013 repletus
2728 2936 2832 2993 est
2898 2925 3217 3013 gaudio,

657 3026 893 3102 utpote
932 3012 1050 3099 qui
1103 3010 1277 3080 nihil
1314 3032 1383 3079 tn
1435 3032 1506 3080 se
1539 3009 1986 3080 salutandum
2024 3010 2110 3079 ab
2145 3009 2547 3082 hominibus
2588 3023 2724 3081 tam
2765 3012 3080 3083 libenter
3116 3015 3223 3082 lia·

656 3100 884 3180 beret,
936 3123 1146 3187 quam
1209 3099 1390 3186 quod
1458 3099 1615 3169 illae
1663 3099 2126 3169 decreverant.
2185 3099 2424 3170 Subito
2471 3100 3005 3191 disparentibus
3061 3101 3218 3173 illis.

659 3188 1176 3258 considerantes
1224 3189 1466 3259 fratres
1500 3187 1666 3259 socii
1711 3201 1845 3257 tam
1881 3187 2361 3258 admirabilem
2398 3188 2464 3257 in
2509 3189 2609 3260 eis
2644 3189 3217 3271 similitudinem,

661 3277 1120 3357 salutationis,
1177 3298 1510 3347 occursus
1557 3288 1621 3346 et
1686 3275 2151 3367 disparentiae
2203 3276 2597 3360 novitatem,
2656 3279 3044 3367 mysticum
3100 3280 3222 3349 ali-

657 3365 822 3451 quid
877 3365 1229 3454 designari
1290 3365 1473 3435 circa
1540 3366 1775 3436 Virum
1829 3378 2144 3435 sanctum
2184 3420 2199 3444 ,
2258 3366 3026 3451 non‚irrationabiliter
3081 3391 3221 3459 per·

659 3453 1072 3542 penderunt.
1128 3457 1302 3522 Sane
1354 3475 1473 3543 per
1525 3453 1678 3524 illas
1729 3468 1886 3535 treS,
1926 3466 2028 3523 ·ut
2079 3453 2470 3532 videbatur,
2528 3455 2849 3525 mulieres
2967 3479 3220 3547 auper-

659 3542 878 3622 culaS,
937 3542 1034 3612 sic
1084 3541 1416 3612 uniformi
1466 3542 1638 3614 facie
1671 3557 2138 3623 occurrentes,
2179 3544 2277 3612 sic
2326 3543 2709 3616 salutantes
2758 3546 2913 3615 inso
2954 3547 3074 3629 ite,
3132 3547 3222 3617 sic

661 3631 890 3700 subito
931 3630 1385 3720 disparenteS,
1439 3631 1887 3722 Evangelicae
1937 3631 2378 3721 perfectionis
2427 3633 2845 3716 formositas,
2873 3648 3219 3722 quantum

660 3721 741 3787 ad
788 3720 1166 3789 castitatem
1219 3720 1517 3802 scilicet,
1570 3720 2032 3791 obedientiam
2082 3733 2147 3790 et
2197 3735 2694 3811 paupertatem,
2749 3724 2921 3792 satis
2973 3748 3224 3794 conve·

662 3810 926 3878 nienter
973 3808 1358 3879 ostenditur
1406 3810 1471 3878 in
1518 3810 1671 3879 Viro
1723 3810 1833 3879 Dei
1886 3809 2034 3900 pari
2085 3808 2304 3879 forma
2359 3810 2649 3900 perfecte
2696 3811 3011 3895 fulsisse;
3073 3814 3223 3883 licet

661 3896 941 3985 gloriari
994 3897 1436 3987 praeelegerit
1485 3898 1550 3967 in
1606 3898 1846 3989 privile
1902 3899 1962 3968 io
2034 3899 2495 3989 paupertatiS,
2548 3921 2757 3987 quam
2810 3901 3029 3973 modo
3085 3925 3224 3971 ma·

663 4000 857 4066 trem,
912 3986 1117 4054 modo
1166 4007 1518 4075 sponsam,
1576 3987 1778 4057 modo
1876 3988 2180 4057 ominam
2235 3989 2597 4059 nominare
2645 3988 2937 4059 solebat.
2973 3996 3056 4061 In
3099 3992 3222 4060 hac

661 4086 961 4144 caeteros
1007 4074 1332 4165 cupiebat
1376 4075 1702 4146 excedere
1735 4131 1751 4158 ‚
1803 4078 1923 4164 qui
1970 4099 2051 4146 ex
2102 4076 2250 4177 ipsa
2309 4076 2648 4147 didicerat
2696 4077 3109 4150 inferiorem
3161 4103 3228 4150 se

661 4164 985 4234 omnibus
1035 4178 1373 4254 reputare.
1428 4165 1494 4233 Si
1544 4166 1823 4253 quando
1862 4187 2335 4256 pauperiorem
2390 4189 2462 4237 se
2508 4168 2910 4258 quempiam
2968 4192 3260 4257 secun-¹

662 4252 830 4321 dum
868 4254 1264 4323 exteriorem
1304 4253 1617 4325 habitum
1661 4267 1987 4337 cerneret,
2035 4255 2484 4345 semetipsum
2526 4256 2844 4346 protinus
2878 4280 3217 4349 arguens,

659 4414 1535 4521 vatussagigrccigtggssigrchtepiscopalis,
1557 4418 1604 4461 et
1625 4418 1669 4461 8.
1696 4417 1872 4460 Χίοοῑοί
1892 4427 1917 4459 a
1936 4416 2069 4468 myra
2085 4415 2308 4472 Episcopi
2328 4429 2539 4469 coz-pore,
2558 4420 2684 4471 qnod
2709 4417 2771 4461 ibi
2787 4420 3024 4472 religiose
3039 4432 3228 4466 comer-
