3347 4999
195 323 382 390 OCT.
441 324 480 387 8
1091 339 1169 384 nr.
1217 338 1273 385 s.
1329 337 1641 385 nssusrmo
1691 339 1880 386 mar.
2540 325 2663 389 25⁴1

190 439 259 495 et
313 423 783 515 gladiatorum
837 422 1339 492 certaminibus
1389 421 1645 490 multas
1709 422 2029 492 exhibere
2080 425 2452 512 pecunias;
2512 427 2764 526 partim

193 514 484 602 quidem
537 512 696 581 odio
746 512 1010 580 babens
1067 511 1269 600 Lyaei
1322 510 1746 598 superbiam,
1798 512 2045 600 partim
2102 525 2328 582 autem
2374 514 2768 604 adspiciens
2873 516 2879 521 ’

195 602 563 682 miracula,
609 623 785 687 quae
822 600 1079 668 fiebant
1125 622 1160 668 a
1201 598 1437 667 divino
1469 604 1784 688 Martyre,
1824 610 1889 668 et
1921 601 2103 687 quod
2161 601 2444 691 plurimi
2479 604 2563 672 ad
2602 627 2761 673 eum

194 696 648 768 accedentes,
704 689 1135 758 docebantur
1184 688 1501 778 pietatem
1562 689 1629 756 in
1673 689 2019 758 Christum
2062 743 2078 767 ,
2144 690 2574 778 cupiensque
2638 694 2764 763 hoc

193 782 405 850 etiam
435 801 586 849 esse
616 800 839 847 unum
872 800 950 846 ex
983 776 1338 846 miraculis
1374 777 1715 856 Demetrii,
1748 790 1823 846 ut
1854 776 2176 866 precibus
2203 778 2393 849 illius
2424 793 2760 864 armatuS,

195 870 400 957 Lyaei
457 867 802 957 frangeret
853 866 1245 945 audaciam,
1292 878 1358 935 et
1414 865 1694 936 barbari
1751 866 2071 956 dejiceret
2127 867 2608 956 supercilium,
2654 892 2767 939 ac-

190 958 415 1027 currit
446 957 533 1026 ad
575 962 965 1044 Martyrem,
1018 968 1083 1024 et
1131 954 1215 1023 ad
1270 954 1462 1024 illius
1511 954 1723 1054 pedes
1772 955 2161 1044 procidens,
2223 955 2436 1025 dicit:
2493 979 2528 1022 «
2567 961 2767 1027 Serve

191 1049 335 1126 Dei,
390 1046 709 1126 Demetri,
750 1067 904 1114 sum
959 1057 1265 1134 paratuS,
1317 1054 1383 1113 et
1433 1044 1603 1112 mibi
1655 1044 1888 1133 gliscit
1927 1045 2208 1114 animus
2240 1045 2573 1146 congredi
2605 1067 2766 1117 cum

190 1141 442 1227 Lyaeo,
501 1135 558 1203 si
610 1156 717 1203 me
753 1133 977 1203 solum
1030 1133 1408 1202 armaveris
1449 1132 1797 1222 precibus,
1841 1156 1877 1200 »
1928 1133 2103 1216 Quid
2139 1156 2303 1224 ergo
2335 1134 2614 1204 divinus
2649 1141 2767 1204 De-

191 1226 542 1295 metrius?
589 1223 881 1292 Perinde
929 1244 1009 1291 ac
1044 1222 1102 1293 si
1154 1223 1300 1311 ipse
1351 1234 1679 1312 rogasset,
1729 1243 1864 1291 non
1900 1235 2130 1292 autem
2173 1221 2417 1292 fuisset
2452 1236 2761 1314 rogatuS,

187 1311 600 1401 exequendo
637 1334 760 1400 pro
814 1310 1137 1380 emodum
1180 1311 1529 1399 praevenit
1565 1310 2006 1400 petitionem;
2059 1324 2124 1381 et
2171 1312 2234 1380 ei
2283 1312 2602 1382 velociter
2638 1314 2767 1383 im-

191 1404 420 1493 posito
462 1423 565 1480 eo,
596 1422 748 1487 quo
844 1413 947 1468 est
996 1401 1062 1467 in
1116 1400 1404 1479 Christo,
1445 1399 1808 1488 signaculo
1843 1412 1978 1469 tam
2026 1401 2096 1469 in
2138 1400 2380 1481 fronte,
2434 1423 2643 1488 quam
2691 1403 2763 1470 in

187 1492 426 1570 corde,
477 1511 635 1559 eum
669 1488 976 1567 dimittit,
1014 1486 1287 1557 dicens:
1322 1511 1357 1554 «
1394 1494 1468 1556 Et
1499 1494 1796 1577 Lyaeum
1851 1490 2084 1559 vinces
2114 1489 2172 1572 ⁴,
2217 1503 2281 1560 et
2310 1490 2448 1560 eris
2498 1505 2761 1580 martyr

190 1579 475 1651 Christi.
510 1602 546 1646 »
597 1578 787 1661 Quod
825 1576 1104 1664 quidem
1144 1576 1429 1667 perinde
1461 1591 1585 1658 est,
1628 1599 1708 1646 ac
1745 1578 1800 1648 si
1836 1577 2071 1647 dicas:
2128 1601 2163 1644 «
2199 1583 2276 1649 Et
2317 1578 2761 1649 manifestum

187 1671 433 1739 vinces
482 1667 1003 1746 adversarium,
1057 1677 1123 1734 et
1168 1687 1327 1735 eum
1391 1666 1512 1752 qui
1569 1687 1705 1735 non
1747 1678 1850 1736 est
1891 1667 2323 1738 manifestus
2364 1691 2400 1734 »
2453 1668 2561 1738 Sic
2610 1669 2764 1758 ejus

189 1760 437 1828 animo
473 1778 608 1825 non
646 1755 871 1825 solum
916 1754 1207 1824 immisit
1238 1755 1631 1836 audaciam,
1665 1754 1785 1824 sed
1826 1755 2034 1825 etiam
2070 1755 2153 1826 de
2187 1755 2423 1826 futuro
2455 1778 2764 1847 pronun-

190 1848 405 1918 ciavit
439 1845 850 1915 certissime.

286 1943 326 2017 ἓ
378 1941 472 2006 θ.
530 1935 767 2003 Statim
818 1953 980 2021 ergo
1020 1937 1258 2003 Nestor
1299 1932 1582 2003 veniens
1632 1932 1702 1999 in
1755 1931 2086 2012 stadium,
2127 1955 2288 2002 cum
2334 1955 2455 2023 per
2553 1934 2764 2092 raffls

191 2024 596 2103 desiliisset,
649 2034 715 2091 et
749 2021 1030 2122 deponit
1081 2022 1415 2102 tunicam,
1468 2034 1534 2090 et
1572 2021 1904 2092 assistens
1937 2022 2245 2177 seipsum
2297 2036 2487 2092 osten
2547 2023 2596 2091 it

194 2113 526 2202 peratori.
583 2111 1041 2180 Maximianus
1087 2123 1370 2188 autem.
1437 2110 1958 2198 obstupefactus
2020 2110 2038 2179 i
2077 2110 2139 2178 la
2188 2110 2482 2180 audacia
2531 2111 2766 2182 adole-

194 2202 479 2280 scentis,
524 2214 589 2269 et
621 2222 770 2269 esse
804 2197 1065 2284 aliquid
1103 2197 1296 2268 aliud
1349 2199 1723 2288 opinatuS,
1776 2221 1987 2285 quam
2047 2201 2572 2270 ostentationem
2627 2201 2760 2269 vir-

196 2290 395 2366 tutis,
425 2289 623 2379 jubet
668 2310 824 2357 eum
871 2287 1018 2357 sisti
1072 2288 1383 2377 propiuS,
1428 2301 1515 2366 et,
1574 2310 1610 2352 «
1644 2291 1695 2356 Ο
1744 2286 2171 2368 adolescenS,
2211 2288 2438 2376 inquit
2484 2290 2547 2358 ei
2596 2311 2763 2360 con-

196 2377 465 2456 sulens,
520 2378 685 2458 sci0,
737 2376 917 2464 quod
962 2377 1295 2465 pecuniae
1337 2378 1571 2466 inopia
1600 2377 1826 2465 coegit
1856 2389 1920 2446 te
1953 2375 2039 2444 ad
2096 2377 2276 2446 hanc
2316 2400 2767 2468 prorumpere

195 2467 566 2537 audaciam
597 2521 612 2544 ‚
665 2478 740 2537 ut
789 2465 889 2535 vel
942 2466 999 2535 si
1052 2466 1291 2536 viseris
1322 2520 1337 2547 ,
1393 2465 1650 2535 multas
1699 2487 1863 2555 opes
1914 2464 2036 2551 tibi
2078 2467 2486 2557 compares:
2542 2480 2661 2538 aut
2708 2469 2767 2539 si

195 2555 419 2626 fueris
448 2570 838 2643 superatus,
875 2554 1386 2644 implacabilem
1427 2554 1818 2635 inimicum,
1853 2568 2326 2645 paupertatem
2367 2557 2573 2626 simul
2603 2580 2765 2628 cum

196 2646 339 2715 vita
370 2645 683 2734 effugias.
724 2650 862 2745 Ego
893 2657 1120 2713 autem
1167 2658 1322 2713 tuae
1362 2644 1603 2713 aetatis
1636 2657 1701 2712 et
1736 2643 2228 2733 pulcritudinis
2269 2644 2616 2727 misertuS,
2663 2646 2765 2715 vel

197 2756 327 2824 pro
378 2733 521 2805 sola
556 2733 848 2803 audacia
898 2732 1022 2802 tibi
1070 2732 1433 2821 praebeb0‚
1478 2732 1658 2819 quod
1706 2733 1873 2804 satis
1919 2747 2021 2804 est
2060 2734 2420 2823 pecuniae.
2455 2739 2602 2817 Qua
2651 2757 2766 2804 ac-

198 2837 422 2913 cepta,
469 2823 583 2892 abi
619 2821 829 2892 simul
862 2843 1021 2891 cum
1065 2822 1201 2891 vita
1231 2822 1467 2891 fruens
1501 2843 1777 2908 quoque
1820 2822 2158 2910 pecuniis.
2213 2828 2305 2891 Ne
2339 2837 2564 2891 autem
2599 2846 2761 2893 cum

200 2916 424 3001 Lyaeo
453 2912 740 2980 omnino
772 2910 1279 3001 congrediaris;
1307 2912 1453 3000 jam
1480 2910 1667 2980 enim
1705 2911 1961 2981 multos
1996 2912 2132 2980 vita
2167 2912 2475 3000 privavit,
2515 2933 2769 2999 eosque

197 3013 259 3069 te
311 3001 515 3091 longe
560 3001 1005 3069 robustiores.-
1044 3023 1080 3067 »
1130 3001 1252 3069 His
1285 2998 1567 3078 auditis,
1622 3005 1866 3070 Nestor
1908 3020 2129 3086 neque
2166 3001 2611 3089 Imperatoris
2660 3023 2769 3070 ar-

196 3090 417 3180 ripuit
467 3088 944 3158 liberalitatem
976 3142 996 3167 ,
1052 3110 1277 3176 neque
1334 3110 1578 3158 rursus
1628 3089 1830 3177 Lyaei
1897 3086 2224 3157 laudibus
2281 3087 2412 3158 fuit
2459 3090 2760 3159 territus.

200 3178 613 3269 Imperatori
645 3190 925 3247 autem:
981 3199 1017 3243 «
1046 3182 1190 3247 Non
1239 3178 1447 3267 cupio
1478 3232 1493 3259 ,
1556 3176 1810 3264 inquit,
1868 3176 2225 3267 pecunias,
2281 3199 2504 3265 neque
2551 3200 2631 3247 ea
2678 3178 2764 3248 de

200 3288 413 3336 causa
472 3266 721 3356 prodeo
773 3267 840 3334 in
882 3279 1224 3336 certamen
1262 3290 1278 3348 ;
1332 3266 1447 3335 sed
1501 3265 1792 3356 gloriam
1830 3266 2059 3354 potius
2093 3265 2408 3356 cupiens,
2446 3280 2511 3337 et
2546 3272 2764 3356 Lyaeo

197 3356 443 3425 volens
472 3376 805 3443 apparere
843 3356 1316 3444 praestantior.
1357 3360 1497 3425 Non
1547 3354 1771 3424 solum
1823 3354 2006 3423 enim
2050 3354 2350 3437 divitias,
2389 3355 2505 3426 sed
2558 3358 2766 3427 etiam

200 3443 428 3599 {ipsam
483 3444 685 3513 vitam
741 3445 947 3513 statui
1005 3445 1305 3535 rejicere,
1365 3444 1424 3512 si
1483 3449 1702 3533 Lyaeo
1749 3441 1969 3544 gloria
2008 3465 2303 3514 cessero.
2350 3469 2374 3509 ι
2433 3450 2613 3515 Haec
2664 3447 2762 3515 sic

252 3533 412 3615 icta,
451 3543 516 3601 et
550 3537 1065 3622 Imperatorem,
1118 3545 1184 3602 et
1226 3555 1341 3602 eos
1375 3553 1615 3603 omnes
1664 3553 1785 3619 qui
1833 3531 2121 3602 aderant
2153 3534 2336 3604 circa
2383 3534 2640 3625 ipsum,
2678 3534 2767 3604 ad

201 3620 373 3690 iram
444 3635 950 3711 provocarunt,
1062 3621 1137 3690 ui
1195 3620 1573 3711 (quomodo
1630 3621 1815 3689 enim
1875 3633 2231 3704 armatuS,
2284 3635 2350 3692 et
2395 3645 2533 3710 quo
2588 3635 2766 3693 esset

198 3706 439 3790 fretUS,
496 3709 612 3779 ille
649 3710 956 3779 nondum
1061 3712 1301 3799 ixerat)
1338 3710 1772 3800 arrogantiae
1813 3722 2080 3780 tantum
2131 3723 2197 3780 et
2244 3733 2459 3805 vanae
2508 3710 2768 3802 gloriae

200 3800 405 3867 verba
455 3821 605 3868 esse
652 3799 1163 3870 existimabant.
1217 3803 1430 3886 Atque
1460 3803 1844 3890 Imperator
1890 3799 2171 3887 quidem
2216 3804 2515 3889 Lyaeum
2572 3800 2769 3870 vehe-

203 3901 469 3957 menter
536 3888 861 3957 incitabat
923 3888 1006 3959 ad
1073 3902 1467 3967 certamem
1542 3888 1946 3978 impetuque
2003 3900 2068 3958 et
2126 3888 2423 3958 audacia
2532 3887 2766 3959 lenum

204 3974 351 4061 ejus
400 3977 716 4046 animum
753 3977 1078 4048 reddebat
1110 3977 1471 4046 acriorem.
1505 3977 1768 4047 Nestori
1802 3989 2030 4047 autem
2065 3978 2381 4047 animum
2418 3999 2454 4047 a
2512 3977 2768 4048 debant

205 4064 407 4133 verba
460 4066 802 4147 Demetrii,
856 4078 921 4135 et
963 4066 1297 4136 Christus.
1351 4063 1445 4133 Ad
1497 4086 1704 4151 quem
1756 4065 2076 4135 attollens
2123 4066 2387 4147 oculos,
2443 4066 2757 4137 dicebat:

208 4168 242 4211 «
281 4154 456 4222 Deus
518 4154 886 4237 Demetrii,
947 4154 1246 4225 concede
1303 4153 1499 4235 mibi,
1559 4167 1631 4224 ut
1679 4175 1804 4244 ego
1835 4209 1850 4235 ,
1903 4154 2023 4241 qui
2065 4176 2218 4223 sum
2271 4169 2489 4225 aetate
2537 4155 2765 4225 brevis

263 4346 288 4367 ¹¹¹
319 4346 375 4385 At
402 4358 596 4396 prorsus
628 4349 952 4391 inverosimite
982 4348 1216 4393 ducimus.
1246 4350 1539 4390 Demetrium
1570 4351 1734 4389 Crucis
1772 4350 2020 4399 signaculo
2057 4348 2368 4399 gladiatorem
2390 4354 2446 4393 ad
2464 4349 2768 4395 homicidium

206 4392 259 4433 11²
286 4396 496 4442 barbaris
524 4404 650 4445 ludis
681 4404 902 4448 armesse.
929 4403 1067 4454 eique
1097 4402 1316 4444 illicitam
1345 4405 1593 4445 victoriam
1624 4403 1673 4443 in
1696 4402 1873 4443 Christi
1892 4404 2082 4443 nomino
2103 4405 2430 4453 spopondisse.
2455 4408 2570 4446 Vide
2589 4415 2685 4453 seq.
2711 4406 2768 4445 de

208 4445 296 4487 hoc
318 4452 497 4494 Nestore
514 4457 968 4498 adnotatiunculam.
