3347 4999
666 310 793 374 300
1255 326 1332 373 DE
1380 326 1434 373 s.
1491 325 1797 373 Lunovtco
1846 325 2211 372 marmano
2259 324 2441 374 cour.
2852 307 3030 374 OCT.
3099 309 3147 373 9

579 412 927 502 profectus
973 424 1036 481 et
1089 432 1335 490 mores,
1391 410 1794 499 saepissime
1845 409 2349 499 pronunciavit.
2403 415 2567 479 Nam
2603 422 2669 479 et
2702 422 2977 481 sanctae
3008 416 3149 479 Te-

581 501 799 570 resiae
848 524 886 568 a
931 505 1100 570 Jesu
1149 521 1345 570 suam
1397 498 1952 568 Excalceatorum
2003 497 2480 568 claustralium
2552 511 2716 568 tunc
2765 498 3147 569 fundatam

582 590 1187 679 Congregationem
1225 588 1408 658 brevi
1444 588 1619 656 inter
1651 586 2059 656 illustriores
2085 601 2354 657 sanctae
2391 589 2728 656 Ecclesiae
2762 587 3149 677 religiones

578 679 686 766 (ut
735 679 956 764 reipsa
1006 676 1260 765 evenit)
1306 676 1942 745 connumerandam
1993 698 2142 744 esse
2176 675 2532 765 praedixit.
2576 677 2823 747 Tribus
2858 677 3145 767 regula-

581 767 772 837 ribus
807 767 1111 837 diversos
1146 768 1453 855 ipsorum
1507 785 1871 835 successus
1903 777 1967 834 et
2001 764 2195 845 fines,
2239 776 2439 854 prout
2471 765 2654 833 conti
2705 779 2927 846 erunt,
2972 787 3147 855 pro-

581 856 962 924 nunciavit.
1019 857 1249 925 Virum
1305 853 1601 922 nobilem
1640 907 1654 934 ,
1710 852 1965 943 injuria
2014 853 2396 941 praelatum
2447 875 2650 939 quem
2707 876 2817 923 am
2882 874 3146 923 vexan-

582 958 740 1024 tem,
787 943 1118 1013 ultionem
1183 942 1452 1012 Domini
1502 941 1688 1011 brevi
1737 955 2214 1031 exsperturum
2268 941 2408 1010 fore
2439 940 2655 1023 dixit,
2703 941 2889 1029 quod
2941 964 3144 1014 mors

579 1034 729 1121 ejus
764 1033 1118 1122 repentina
1154 1054 1190 1100 a
1238 1031 1522 1100 Domino
1571 1030 1912 1099 revelante
1960 1031 2019 1098 ei
2074 1045 2306 1099 notum
2359 1030 2573 1099 fuisse
2606 1031 3137 1101 demonstravit.

580 1127 839 1190 Arcana
875 1121 1077 1189 etiam
1134 1120 1458 1210 plurima,
1515 1132 1650 1188 tam
1691 1119 1756 1187 in
1805 1120 2009 1189 rebus
2043 1119 2390 1208 corporeis
2423 1142 2630 1206 quam
2669 1120 2948 1189 secretis
2979 1142 3145 1189 cor-

582 1210 775 1278 dium
818 1209 1115 1289 latentia,
1174 1208 1361 1278 nuda
1407 1221 1472 1277 et
1526 1219 1761 1297 aperta
1811 1207 2021 1277 fuisse
2080 1207 2301 1277 oculis
2353 1210 2600 1278 mentis
2639 1208 2861 1297 ipsius
2907 1230 2946 1276 a
2996 1214 3141 1277 Deo

582 1297 973 1394 illustratae,
990 1298 1462 1387 (stupentibus
1494 1296 1854 1385 omnibus)
1886 1318 2109 1364 rerum
2147 1308 2429 1365 eventus
2468 1290 2739 1366 ostensa
2774 1297 2987 1367 fuisse
3020 1297 3142 1364 in-

582 1387 938 1468 dicarunt,
1009 1400 1212 1473 atque
1261 1386 1345 1453 in·
1374 1387 1501 1454 hoc
1558 1385 1737 1454 dono
1792 1384 2194 1473 penetrandi
2256 1398 2515 1455 secreta
2569 1386 2884 1455 cordium
2932 1384 3145 1454 valde

582 1476 960 1565 singularis
986 1499 1064 1545 ac
1096 1474 1550 1544 admirandus
1581 1473 1732 1544 suit.
1767 1473 1907 1541 Alia
1940 1496 2212 1560 quoque
2243 1474 2686 1563 quamplura,
2729 1474 3143 1544 naturaliter

581 1565 838 1653 ignota,
885 1578 1021 1634 tam
1064 1564 1269 1644 clare,
1314 1563 1636 1633 distincte
1683 1575 1748 1631 et
1793 1562 2127 1642 ordinate,
2170 1576 2372 1651 prout
2424 1576 2620 1633 erant
2664 1578 2784 1633 aut
2814 1576 2965 1633 acta
3010 1575 3143 1633 aut

582 1653 898 1741 cogitata,
943 1652 1335 1732 enarravit,
1389 1664 1464 1722 ut
1524 1650 1749 1728 solum
1814 1657 1946 1720 Deo
2000 1652 2338 1722 revelante
2377 1652 2544 1722 haec
2593 1651 2693 1721 illi
2745 1652 3140 1722 innotuisse

582 1756 1009 1831 compertum
1045 1740 1273 1810 fuerit.
2848 1750 2854 1757 ”

672 1839 709 1912 ἓ
760 1835 892 1902 18.
950 1832 1175 1899 Virtus
1222 1830 1373 1917 ejus
1428 1829 1495 1897 in
1552 1840 1686 1898 toto
1742 1827 2043 1899 decursu
2097 1829 2270 1898 vitae
2324 1851 2364 1898 a
2415 1834 2545 1898 Deo
2607 1829 3138 1901 infirmitatibus

582 1918 752 1988 adeo
813 1920 1101 1987 mirifice
1167 1917 1697 2006 perficiebatur,
1764 1930 1838 1987 ut
1901 1918 2201 1988 assiduis
2259 1918 2702 2007 passionibus
2758 1917 3136 1987 tolerandis

583 2030 830 2096 magna
869 2007 968 2075 illi
1006 2007 1328 2095 patientia
1368 2028 1546 2097 opus
1584 2006 1790 2075 suerit
1825 2030 1839 2087 ;
1879 2007 1946 2074 in
1983 2005 2453 2096 complexione
2483 2007 2667 2076 enim
2705 2007 2928 2096 ipsius
2962 2007 3136 2077 satis

581 2097 870 2165 delicata
915 2117 1046 2164 non
1084 2095 1305 2166 solum
1406 2096 1660 2165 otentia
1707 2096 1920 2164 visiva
1977 2117 2219 2183 parum
2271 2095 2507 2164 valens
2553 2107 2617 2164 et
2664 2096 2948 2165 auditus
2998 2097 3137 2164 im-

582 2184 925 2275 perfectus
964 2185 1205 2263 inerat,
1260 2119 1401 2254 sedp
1426 2186 1627 2254 etiam
1693 2183 2006 2253 horribili
2057 2184 2284 2255 ulcere
2325 2186 2392 2252 in
2437 2205 2637 2253 crure
2697 2206 2818 2285 per
2876 2184 3135 2254 multos

582 2295 800 2342 annos
843 2285 907 2340 et
954 2274 1115 2342 verti
1172 2273 1281 2341 ine
1314 2274 1560 2362 capitis
1604 2273 2037 2342 vehementer
2081 2273 2540 2342 cruciabatur.
2592 2278 2768 2354 Qum
2813 2286 2879 2342 et
2917 2274 3134 2343 visce-

589 2384 741 2429 rum
785 2362 1010 2448 pravis
1058 2383 1091 2429 a
1151 2363 1534 2432 ectionibus
1588 2374 1653 2431 et
1705 2361 1860 2431 aliis
1906 2361 2194 2430 occultis
2241 2361 2785 2442 infirmitatibus,
2834 2361 3134 2430 maxime

583 2470 705 2539 per
739 2449 1093 2519 biennium
1129 2464 1285 2521 ante
1314 2451 1606 2531 obitum,
1654 2450 1839 2520 velut
1871 2471 2117 2520 aurum
2163 2451 2229 2519 in
2267 2450 2542 2521 fornace
2581 2449 2894 2542 probavit
2927 2450 3133 2520 illum

583 2539 939 2620 DominuS,
982 2540 1215 2608 animo
1250 2541 1347 2609 sic
1389 2540 1641 2609 invicto
1689 2540 1923 2608 omnia
1965 2538 2311 2619 tolerante,
2349 2551 2425 2609 ut
2457 2540 2846 2626 frequenter
2869 2561 2947 2609 ex
2978 2540 3133 2628 ejus

583 2649 697 2696 orc
730 2629 933 2713 verba
965 2628 1263 2698 doctoris
1297 2642 1571 2698 sanctae
1604 2627 1942 2698 Ecclesiae
1973 2629 2338 2718 Augustini
2373 2640 2770 2698 resonarent
2800 2652 2814 2695 :
2854 2630 3134 2698 Domine

584 2716 689 2784 hic
744 2740 884 2796 ure,
945 2718 1052 2786 hic
1098 2740 1291 2797 seca,
1348 2717 1477 2796 hic,
1533 2741 1664 2786 non
1710 2739 1979 2806 parcas,
2044 2728 2116 2785 ut
2165 2720 2235 2788 in
2288 2728 2635 2787 aeternum
2680 2739 2947 2807 parcaS.
3001 2716 3133 2786 Ubi

583 2805 884 2893 primum
910 2804 1446 2885 convalescebat,
1476 2804 1558 2873 ad
1592 2805 2136 2875 mortificationis
2156 2818 2220 2874 et
2241 2806 2709 2875 observantiae
2735 2804 3131 2875 communis

582 2894 897 2963 exercitia
941 2895 1400 2968 revertebatur
1427 2948 1442 2974 ‚
1488 2895 1759 2963 cunctis
1811 2916 1884 2964 se
1922 2893 2491 2964 oblectationibus
2540 2907 2605 2964 et
2650 2894 3133 2963 convalescen-

582 2983 753 3050 tium
792 2983 1250 3053 levaminibus
1289 2994 1529 3073 sponte
1567 2984 1868 3072 privam,
1921 2982 2077 3051 aliis
2112 2982 2408 3053 infirmis
2438 2983 2665 3053 oblata
2700 2983 2832 3053 sibi
2869 2982 3130 3053 fercula

582 3085 826 3140 cuncta
880 3072 1345 3160 partiebatur;
1398 3073 1569 3158 quin
1616 3084 1682 3140 et
1730 3093 1893 3141 saxo
1948 3070 2370 3142 decumbens
2426 3073 2555 3143 sub
2605 3072 3131 3142 linteaminibus

583 3161 806 3248 posito
837 3182 1090 3249 corpus
1125 3173 1437 3248 torquere
1471 3173 1942 3241 consueverat,
1988 3160 2227 3230 dicens
2256 3172 2513 3230 arctam
2555 3182 2703 3231 esse
2739 3162 2915 3230 viam
2950 3181 3133 3248 quae

582 3248 774 3317 ducit
822 3247 906 3315 ad
944 3249 1177 3317 vitam.

673 3337 709 3422 ξ
757 3341 907 3406 19.
989 3337 1096 3405 Sic
1160 3337 1576 3406 infirmando
1624 3335 1864 3407 fortior
1919 3359 2192 3438 semper
2249 3337 2606 3418 reddituS,
2668 3336 2943 3428 agnovit
2987 3336 3128 3406 sibi

582 3423 840 3493 instare
886 3423 1447 3514 adimpletionem
1496 3426 1716 3495 divini
1767 3427 2116 3516 promissi,
2161 3425 2344 3513 quod
2395 3426 2558 3496 olim
2628 3426 2695 3495 in
2768 3425 2935 3495 sesto
2976 3447 3132 3494 san-

581 3525 729 3582 ctae
779 3513 1181 3583 Catharinae
1217 3514 1503 3604 virginis
1550 3528 1617 3584 et
1651 3514 1976 3605 martyris
2023 3514 2436 3596 obtinuerat,
2475 3515 2753 3601 quando
2786 3536 2865 3584 ex
2901 3514 3127 3584 medio

584 3623 878 3690 magnae
927 3601 1103 3671 lucis
1150 3624 1485 3692 sponsum
1526 3604 1588 3672 ei
1635 3602 1766 3672 fuit
1812 3601 2086 3673 tandem
2137 3625 2215 3673 ex
2267 3604 2375 3673 his
2425 3603 2725 3673 tenebris
2775 3604 2845 3672 in
2898 3602 3126 3673 lucem

584 3690 771 3759 illam
823 3703 1195 3772 aeternam,
1250 3713 1425 3778 quae
1460 3690 1641 3761 lucet
1680 3693 1938 3762 sanctis
1973 3692 2085 3761 Dei
2139 3692 2207 3760 in
2236 3705 2618 3783 perpetuas
2666 3691 3127 3774 aeternitateS,

584 3779 1026 3869 migrandum
1079 3801 1251 3851 esse.
1292 3786 1454 3850 Nam
1500 3780 1680 3865 inter
1731 3780 1998 3851 labores
2045 3780 2457 3851 concionum
2518 3783 2753 3852 morbo
2813 3781 3131 3871 ingrave-

586 3881 838 3948 scente,
883 3867 1193 3940 febribus
1240 3868 1591 3950 decubuit,
1631 3882 1697 3939 et
1729 3881 2181 3959 suscepturus
2216 3891 2339 3958 pro
2373 3869 2620 3939 viatico
2649 3869 3131 3939 sanctissimae

583 3956 1053 4028 Eucharistiae
1101 3970 1637 4039 sacramentum,
1684 3957 2121 4028 devotissime
2156 3980 2289 4027 non
2329 3958 2480 4028 sine
2530 3958 2766 4027 multis
2807 3958 3135 4044 lacrymis

582 4057 856 4115 sanctae
887 4045 1047 4114 fidei
1083 4046 1458 4115 catholicae
1487 4059 1880 4116 accuratam
1916 4047 2404 4136 professionem
2439 4047 2700 4127 emisit;
2739 4045 3138 4135 imploravit

580 4133 783 4201 etiam
826 4134 1322 4205 ferventissime
1374 4136 1640 4203 Domini
1693 4136 1906 4204 nostri
1954 4135 2115 4205 Jesu
2165 4135 2414 4206 Christi
2462 4135 2799 4206 auxilium
2852 4148 2918 4204 et
2966 4156 3135 4203 san-

579 4221 929 4292 ctissimae
964 4222 1262 4312 Virginis
1299 4224 1623 4313 Deiparae
1660 4224 2147 4314 patrocinium,
2204 4246 2468 4294 necnon
2519 4224 2813 4293 aliorum
2852 4228 3134 4293 Sancto-

580 4332 762 4388 rum,
817 4325 879 4381 et
932 4313 1295 4401 praecipue
1345 4313 1451 4383 sui
1502 4313 1805 4408 Ordinis,
1858 4334 2316 4404 expressoque
2367 4314 2645 4382 nomine
2693 4312 2914 4381 sancti
2965 4312 3132 4380 Vin-

578 4400 783 4470 centii
819 4401 1129 4482 Ferrerii,
1170 4400 1567 4489 subjunxit:
1620 4407 1825 4471 Pater
1851 4405 1969 4483 mi,
2026 4425 2262 4472 currus
2293 4403 2513 4472 Israel
2544 4413 2607 4472 et
2654 4400 2907 4491 auriqa
2953 4401 3127 4491 ejus.
