3347 4999
192 350 373 416 OCT.
429 348 513 413 44
941 367 1021 412 na
1067 366 1122 413 s.
1174 365 1547 415 nuacaanoo
1594 367 1844 412 naama.
1896 367 1995 412 m».
2519 349 2648 414 409

193 449 705 522 annunciarem
769 449 962 519 vobis
1018 471 1293 519 omnem
1357 449 1774 519 voluntatem
1835 449 1975 517 Dei.
2031 453 2225 519 Nunc
2272 470 2471 540 ergo,
2539 450 2734 521 filioli

189 539 356 619 mei,
414 560 590 625 quos
635 561 795 608 cum
848 538 1163 628 Apostolo
1211 537 1420 608 Paulo
1468 539 1716 607 iterum
1769 537 2112 627 parturio,
2150 537 2367 607 donec
2406 537 2738 610 formetur

190 628 512 699 Christus
560 628 629 695 in
680 626 908 707 vobiS‚
978 626 1146 696 tales
1191 649 1311 697 vos
1357 626 1492 696 fide
1539 640 1604 696 et
1650 648 1691 695 o
1743 647 1855 695 ere
1928 647 2200 715 semper
2262 626 2594 709 exhibete,
2649 650 2735 698 ne

190 717 343 787 sine
392 738 609 786 causa
656 715 1104 785 laboraverim
1167 717 1238 785 in
1289 715 1503 786 vobis.
1557 715 1651 785 Ad
1752 737 1870 784 aec
1920 714 1974 784 si
2025 715 2183 801 quis
2248 728 2547 784 vestrum
2605 717 2736 785 ali-

188 826 405 894 quam
458 816 695 874 contra
741 825 851 873 me
898 805 1216 874 habuerit
1262 803 1638 891 querelam,
1696 803 1876 872 hanc
1922 805 1992 871 in
2045 802 2350 872 medium
2400 804 2532 874 ista
2565 804 2736 874 bora

188 894 503 985 proferre
550 915 685 963 non
718 893 1006 974 differat,
1042 914 1314 963 omnem
1349 893 1497 963 sine
1527 892 2065 963 contradictione
2106 903 2504 982 recepturus
2530 893 2732 982 justi-

191 985 387 1053 tiam.
446 988 542 1050 En
593 1003 719 1072 ego
766 982 835 1050 in
887 982 1016 1052 hac
1062 982 1633 1073 peregrinatione,
1687 1001 2054 1071 quampro
2093 980 2355 1051 Christo
2404 1003 2728 1071 suscepe-

190 1092 369 1153 ram,
412 1071 620 1161 longo
652 1070 1001 1142 confectus
1042 1072 1255 1151 seni0‚
1294 1071 1511 1151 vobis,
1566 1091 1717 1139 mea
1749 1070 2032 1150 viscera,
2080 1090 2391 1158 praeesse
2440 1068 2731 1140 ulterius

191 1182 328 1231 non
361 1159 595 1243 vale03
648 1180 881 1228 verum
922 1172 1073 1250 post
1110 1160 1458 1229 modicum
1494 1158 1844 1249 ingrediar
1870 1158 2046 1227 viam
2077 1159 2436 1229 universae
2468 1160 2732 1239 carnis,

191 1248 584 1318 mercedem
636 1269 921 1337 sperans
968 1270 1009 1317 a
1055 1250 1236 1319 bono
1275 1247 1769 1317 Patrefamilias
1802 1247 2330 1335 qualiscumque
2367 1268 2554 1317 meae
2594 1269 2734 1318 ser-

189 1338 459 1408 vitutis.
513 1341 963 1426 Quapropter,
1016 1349 1093 1406 ut
1140 1348 1331 1426 pater
1378 1336 1561 1407 fidus
1608 1334 1933 1405 fidelibus
2001 1335 2189 1415 filiis,
2246 1334 2730 1406 fidelissimum

189 1438 257 1496 et
302 1425 480 1496 utile
528 1425 896 1495 consilium
938 1425 1049 1505 dn,
1084 1425 1388 1516 idipsum
1427 1446 1701 1512 quoque
1747 1436 1826 1493 ut
1871 1424 2241 1513 recipiatiS,
2297 1423 2735 1495 admonendo

191 1536 266 1583 ro
319 1537 384 1595 o,
442 1535 833 1603 rogansque
878 1514 1170 1583 fideliter
1216 1513 1579 1593 admoneo,
1634 1525 1713 1583 ut
1743 1534 1962 1582 unum
1999 1533 2035 1581 e
2082 1511 2410 1582 fratribus
2454 1524 2520 1582 et
2556 1536 2732 1583 com-

188 1538 631 1673 mffitonibus
679 1603 930 1672 nostris
982 1619 1100 1693 per
1149 1602 1477 1693 Spiritum
1517 1606 1839 1671 Sanctum
1892 1600 2214 1671 concordi
2250 1600 2606 1671 charitatis
2636 1602 2735 1671 af-

190 1691 378 1762 fectu
429 1691 624 1761 vobis
669 1691 986 1772 electum,
1043 1713 1234 1761 meae
1282 1690 1724 1780 praelationis
1771 1703 1835 1758 et
1883 1689 2257 1780 magisterii
2308 1689 2575 1761 faciatis
2607 1692 2730 1761 ob-

187 1780 411 1850 tinere
463 1779 724 1860 locum;
779 1802 863 1849 ne
910 1778 1113 1862 forte,
1170 1801 1277 1848 me
1326 1792 1600 1870 repente
1647 1779 2029 1859 subtracto,
2083 1779 2232 1867 ipsa
2280 1778 2464 1848 sedis
2516 1779 2726 1869 hujus

186 1869 273 1937 ad
328 1868 710 1938 laesionem
761 1868 1131 1958 proteletur
1179 1869 1461 1949 vacati0‚
1517 1868 1680 1948 sive,
1725 1866 1906 1954 quod
1944 1866 2399 1957 periculosius
2445 1881 2567 1947 est,
2608 1890 2730 1957 per

185 1970 598 2028 extraneum
646 1970 710 2025 et
772 1957 1008 2029 minus
1077 1957 1453 2045 idoneum,
1476 1956 1597 2025 fiat
1657 1955 1808 2045 ejus
1875 1956 2253 2045 occupatio.
2320 1978 2357 2022 »
2406 1956 2500 2025 Ad
2563 1956 2729 2026 baec

189 2045 424 2129 dicta,
496 2058 903 2116 cunctorum
968 2046 1391 2115 unanimiter
1459 2044 1797 2115 acclamat
1853 2065 1979 2113 vox
2026 2044 2478 2135 populorum,
2553 2066 2731 2114 nun·-

186 2156 399 2222 quam
457 2136 544 2205 ab
593 2134 712 2204 illo
760 2134 971 2204 fuisse
1000 2134 1417 2214 lacessitum,
1456 2133 1557 2202 vel
1609 2133 1869 2220 injuria
1898 2132 2254 2203 affectum:
2293 2133 2461 2220 quin
2499 2134 2725 2223 potius

191 2245 477 2293 omnem
549 2223 849 2292 animam
899 2224 1184 2304 tristem,
1248 2223 1470 2312 ipsius
1518 2220 1984 2292 consolatione
2030 2243 2299 2311 semper
2340 2223 2427 2290 ab
2475 2243 2729 2311 angore

189 2311 409 2384 fuisse
463 2311 849 2392 relevatam,
912 2313 1091 2381 sicut
1134 2323 1200 2381 et
1245 2322 1585 2381 errantem
1628 2310 1714 2379 ad
1764 2310 1941 2378 viam
1992 2311 2293 2380 veritatis
2341 2310 2720 2380 reductam.

280 2404 318 2488 ξ
371 2404 536 2472 28.
593 2405 681 2469 De
728 2401 1212 2490 subrogatione
1259 2412 1487 2469 tamen
1537 2399 1822 2469 alterius
1887 2398 2228 2488 Episcopi,
2280 2420 2486 2485 quam
2540 2421 2732 2489 prae-

191 2501 580 2571 monuerat,
614 2488 757 2559 sola
799 2501 1198 2580 magnatum
1230 2503 1294 2559 et
1317 2489 1437 2576 qui
1470 2488 1765 2560 sanioris
1794 2502 1992 2558 crant
2026 2487 2323 2569 consilii,
2365 2489 2726 2577 responsio

192 2578 351 2648 talis
399 2591 580 2648 erat:
634 2600 670 2644 «
721 2578 1334 2665 Quandoquidem,
1390 2577 1748 2664 inquiunt,
1803 2590 1993 2666 pater
2041 2577 2554 2658 amantissime,
2624 2578 2728 2647 lex

183 2665 330 2755 jam
373 2667 608 2737 carnis
653 2668 863 2756 exigit
896 2689 1020 2736 nos
1054 2679 1168 2736 tuo
1189 2666 1709 2756 jucundissimo
1749 2665 2425 2754 destitui'regimine,
2469 2687 2729 2752 nequa-

187 2776 397 2841 quam
454 2768 725 2825 nostrae
770 2755 1153 2835 electioniS,
1209 2755 1375 2842 quin
1429 2756 1657 2844 potius
1706 2767 1863 2824 tuae
1911 2754 2321 2843 provisionis
2368 2775 2517 2822 esse
2575 2775 2730 2842 per-

188 2844 589 2932 pendimuS,
642 2845 856 2913 immo
906 2866 1027 2934 per
1075 2843 1575 2914 inhabitantem
1625 2843 1695 2911 in
1748 2854 1811 2912 te
1860 2843 2188 2932 Spiritum
2242 2842 2392 2921 Dei,
2449 2840 2725 2931 disponi

188 2953 633 3022 summopere
700 2933 1133 3022 flagitamuS‚
1210 2931 1794 3019 quemadmodum
1847 2930 2102 3021 populo
2154 2930 2312 3010 Dei,
2366 2950 2572 3015 quem
2634 2943 2732 3000 tot

187 3022 392 3091 annis
465 3021 548 3090 ad
624 3021 1003 3111 promissae
1070 3033 1383 3091 aeternae
1452 3019 1892 3090 haereditatis
1975 3018 2263 3107 patriam
2336 3017 2722 3100 deduxisti,

193 3107 445 3180 ductor
492 3131 675 3179 nunc
722 3109 903 3179 alius
968 3110 1426 3179 substituatur
1487 3109 1800 3178 idoneus.
1844 3131 1879 3174 »
1923 3112 2069 3176 Mox
2130 3118 2363 3196 pastor
2407 3107 2728 3198 egregius

193 3197 332 3285 piis
367 3198 597 3267 ovium
636 3198 883 3268 Christi
912 3198 1275 3268 desideriis
1314 3198 1713 3277 delectatuS‚
1755 3217 1877 3265 nec
1913 3196 2144 3264 minus
2182 3195 2253 3263 in
2292 3195 2528 3264 fletum
2559 3217 2731 3265 cun-

189 3286 316 3355 ctis
348 3288 960 3377 prorumpentibus
1006 3288 1157 3377 ipse
1189 3286 1718 3375 collacrymanS,
1758 3283 2032 3354 tandem
2069 3283 2293 3352 virum
2337 3305 2457 3374 per
2490 3284 2726 3354 omnia

191 3375 620 3461 probabilem
674 3376 1207 3466 megingaudum
1258 3374 1581 3465 produxit
1635 3374 1706 3441 in
1759 3373 2106 3454 medium,
2161 3394 2464 3459 suoque,
2519 3373 2727 3443 totius

192 3463 399 3531 etiam
432 3464 601 3533 Cleri
634 3464 1144 3535 circumstantis
1174 3463 1561 3534 testimonio
1599 3461 2071 3551 comprobavit
2116 3482 2273 3531 eum
2313 3461 2729 3552 Episcopatu

190 3549 681 3642 dignissimum
717 3552 1039 3643 (Aderant
1072 3552 1277 3643 legati
1308 3550 1688 3642 supradicti
1729 3572 1885 3619 cum
1923 3550 2168 3619 litteris
2195 3550 2399 3640 Regis
2431 3563 2496 3619 et
2531 3550 2727 3640 prin-

190 3638 453 3729 cipum,
486 3662 750 3711 necnon
797 3654 863 3711 et
910 3641 1292 3731 Moguntini
1318 3639 1816 3730 Metropolitani
1851 3637 2025 3708 Lulli
2052 3693 2067 3720 ‚
2120 3639 2612 3709 confirmantes
2646 3640 2717 3708 in

191 3729 518 3800 omnibus
564 3729 964 3799 electionem
1007 3728 1515 3821 Megingaudi);
1569 3739 1777 3815 atque
1809 3729 1938 3798 sub
1974 3727 2447 3798 testificatione
2476 3727 2724 3798 Christi

191 3827 256 3884 et
303 3817 643 3887 Ecclesiae
692 3818 816 3887 rite
862 3818 1388 3899 commendavit,
1442 3817 1854 3904 chartasque
1887 3815 2221 3905 regalium
2274 3813 2721 3884 traditionum

192 3903 332 3974 sive
373 3906 885 3996 privilegiorum
923 3906 1116 3975 Sedis
1150 3905 1591 3996 Apostolicae‚
1632 3928 1790 3976 cum
1832 3917 2079 3975 cuncta
2111 3903 2457 4003 Episcopii
2493 3925 2724 3973 rerum

192 3990 597 4064 investitura
644 4016 871 4064 coram
923 3995 1251 4064 omnibus
1319 3995 1453 4085 ipsi
1519 3993 2018 4084 praesentavit;
2072 3992 2309 4079 sicque
2356 3991 2552 4061 illum
2606 3996 2727 4061 Ec-

190 4079 572 4154 clesiastico
623 4105 810 4153 more
855 4105 1021 4152 cum
1067 4083 1367 4153 maxima
1430 4083 1813 4162 devotione,
1883 4102 2151 4150 necnon
2200 4080 2527 4160 universi,
2601 4081 2722 4167 qui

191 4185 671 4253 convenerant,
725 4172 898 4242 Cleri
970 4172 1344 4261 populique
1402 4170 1631 4241 favore
1676 4170 2156 4241 venerabiliter
2207 4168 2721 4238 inthronizavit.

192 4258 269 4325 Et
301 4279 387 4327 ne
416 4261 574 4347 quis
607 4261 735 4331 hoc
783 4261 1038 4330 factum
1071 4261 1272 4348 quasi
1308 4260 1541 4329 minus
1571 4260 1988 4330 Canonicum
2032 4258 2202 4328 forte
2239 4256 2718 4347 reprehendat,

190 4350 582 4418 meminerit
611 4349 1084 4439 Apostolorum
1120 4348 1506 4437 Principem
1557 4370 1726 4419 suae
1763 4347 2135 4418 Cathedrae
2168 4347 2467 4436 propriis
2499 4345 2723 4415 mani—

192 4428 327 4502 bus
374 4436 783 4507 Clementem
836 4437 1285 4528 imposuisse;
1340 4436 1612 4506 Lullum
1660 4458 1960 4525 quoque,
2014 4437 2136 4523 qui
2186 4448 2348 4506 tunc
2399 4433 2724 4524 temporis
