3347 4999
294 377 464 443 OCT.
524 378 604 441 ts
727 384 738 394 ’
959 394 1036 439 DE
1086 394 1140 439 s,
1195 391 1493 447 Aomuwo
1541 387 1737 437 muse.
1792 388 2159 437 anactcstt
2601 372 2727 437 565

288 476 820 557 verecundiam,
874 498 952 544 ex
1013 498 1147 562 qua
1215 475 1697 544 taciturnitatis
1778 474 2021 542 inertia
2090 473 2603 561 proficiscatur:
2656 495 2813 543 cum

292 581 585 657 praestet
631 590 668 635 a
720 567 946 654 seipso
992 566 1385 654 quempiam
1422 563 1748 651 judicari,
1808 576 1871 631 et
1929 584 2052 631 sua
2104 562 2119 630 i
2180 562 2324 629 sius
2375 583 2530 630 voce
2586 564 2818 651 objur-

290 670 570 746 gatum,
628 655 918 743 torporis
965 676 1285 723 somnum
1337 654 1700 732 discutere,
1775 673 1979 737 quam
2047 674 2125 719 su
2246 651 2497 718 silentii
2569 652 2817 720 umbra

290 744 655 824 stertendo,
699 767 819 812 nec
868 743 951 811 de
1003 744 1368 811 virtutibus
1416 741 1657 811 alienis
1706 740 1954 820 dicere,
2014 762 2131 807 nec
2174 738 2257 807 de
2300 740 2593 828 propriis
2643 742 2818 808 obti-

288 833 534 903 nendis
586 832 923 901 meditari.
966 833 1063 899 Fit
1111 833 1289 899 enim
1347 830 1773 919 plerumque,
1820 843 1895 897 ut
1924 850 2078 896 cum
2120 827 2255 908 ille,
2308 829 2424 914 qui
2467 828 2669 897 laude
2716 829 2818 896 di·

289 946 470 1014 gnus
514 944 644 990 noo
698 935 820 1001 est,
857 921 1058 989 laude
1105 932 1167 989 et
1204 919 1705 1010 praedicatione
1744 918 1953 998 effert,
1989 918 2166 1004 quod
2216 917 2360 1005 ipse
2404 939 2534 985 non
2589 917 2812 996 habet,

291 1033 436 1080 sese
483 1023 714 1079 contra
767 1033 836 1078 se
884 1010 1121 1099 erigat,
1170 1008 1552 1098 pudeatque
1600 1007 1863 1076 diutius
1899 1008 2226 1095 supinum
2263 1007 2489 1091 jacere
2527 1006 2594 1073 in
2651 1005 2811 1085 iltis,

289 1100 357 1168 in
410 1101 665 1185 quibus
702 1100 1029 1167 hactenus
1067 1098 1382 1184 jacuerit,
1440 1098 1857 1185 incipiatque
1890 1096 2049 1162 dare
2076 1101 2379 1184 operam,
2415 1107 2491 1163 ut
2533 1094 2819 1164 idoneus

291 1189 606 1257 laudator
643 1201 706 1257 et
770 1188 1220 1257 encomiastes
1285 1187 1437 1267 fiat,
1509 1187 1790 1271 suisque
1837 1185 2038 1253 dictis
2098 1194 2162 1252 et
2225 1184 2818 1252 adhortationibus

291 1279 559 1367 primus
594 1278 740 1366 ipse
787 1276 1227 1364 obtemperet.
1285 1275 1584 1343 Forsitan
1620 1276 1820 1343 etiam
1869 1273 2035 1342 illud
2084 1272 2317 1351 addes,
2358 1295 2658 1352 servum,
2695 1272 2816 1357 qui

291 1367 616 1436 talentum
684 1366 948 1434 Domini
998 1365 1105 1433 sui
1160 1365 1223 1431 in
1278 1378 1524 1432 terram
1582 1362 1993 1442 abscondat,
2050 1384 2183 1430 non
2247 1361 2590 1430 immerito
2656 1382 2815 1427 eum

289 1454 710 1524 censendum
763 1475 954 1534 esse,
1000 1454 1119 1540 qui
1169 1453 1522 1543 ingenium
1588 1452 1963 1520 litterarum
2018 1451 2266 1520 studiis
2320 1463 2383 1518 et
2443 1448 2815 1540 cognitioni

232 1541 240 1554 ’
289 1543 497 1614 semel
547 1542 1013 1632 applicatum,
1065 1565 1242 1629 qua,
1297 1543 1354 1609 si
1420 1540 1639 1620 vellet,
1702 1551 1925 1630 posset
1989 1539 2070 1608 ad
2145 1538 2460 1610 ,coelestia
2518 1538 2811 1619 sustolli,

290 1632 761 1718 discussisque
814 1631 1048 1720 paleiS,
1116 1653 1330 1717 grana
1378 1628 1738 1717 amplecti,
1792 1642 1854 1697 et
1918 1628 2151 1696 eadem
2208 1630 2356 1717 piae
2404 1627 2818 1717 operationis

292 1722 519 1791 studio
570 1720 845 1799 molere,
905 1720 1188 1788 terrenis
1236 1719 1850 1808 occupationibus,
1905 1718 2092 1786 curis
2132 1729 2195 1785 et
2248 1717 2627 1785 commodis
2689 1716 2821 1783 im-

294 1823 578 1892 mergat.
629 1809 816 1878 Unde
864 1809 1064 1877 etiam
1124 1831 1227 1876 me
1259 1829 1580 1876 excusare
1630 1830 1761 1876 non
1805 1828 2106 1895 possum,
2139 1807 2257 1892 qui
2307 1828 2463 1874 cum
2516 1805 2823 1893 Scriptu-

292 1900 389 1968 ris
438 1898 691 1966 divinis
742 1920 978 1967 vacare
1026 1896 1369 1976 deberem,
1425 1898 1661 1965 crebro
1698 1895 1851 1964 aliis
1882 1894 2205 1983 operibus
2240 1916 2500 1983 occupo
2553 1908 2820 1981 tempus

293 1988 464 2055 milti
507 1986 1042 2066 commodatum,
1084 1986 1311 2075 potius
1359 2007 1563 2071 quam
1616 1984 2027 2053 lectionibus
2089 1985 2366 2052 sanctis.
2422 1982 2609 2065 Quod
2666 1980 2822 2067 qui·-

290 2076 443 2144 dem
500 2088 641 2144 tum
694 2097 769 2143 ex
821 2098 921 2156 ea,
966 2097 1172 2160 quam
1207 2074 1530 2151 diximus
1590 2074 1861 2164 ignavia
1898 2072 2375 2162 proficiscitur,
2412 2086 2485 2139 ut
2517 2070 2822 2157 qualibet

293 2164 522 2252 potius
574 2185 703 2232 non
742 2164 875 2233 alta
930 2164 1336 2250 inquirendo
1397 2163 1709 2251 progredi
1766 2162 1991 2241 libeat,
2047 2184 2252 2247 quain
2306 2160 2609 2249 amplius
2658 2181 2821 2227 one-

295 2254 428 2322 rari
473 2252 756 2321 scientia
808 2253 1129 2333 veritatis;
1186 2266 1327 2320 tum
1381 2274 1459 2319 ex
1510 2251 1907 2318 infirmitate
1955 2251 2224 2331 carnis,
2280 2272 2455 2337 quae
2508 2270 2614 2317 me
2672 2270 2821 2338 per-

297 2355 496 2429 petuo
545 2341 877 2430 affligens,
917 2342 1096 2430 cogit
1142 2340 1479 2428 ejusmodi
1531 2339 1850 2428 amplecti
1900 2361 2129 2426 opera,
2162 2351 2235 2408 ut
2284 2352 2661 2424 utcumque
2710 2358 2823 2405 ae-

293 2430 667 2520 gritudinis
720 2430 1092 2499 molestiam
1138 2428 1414 2497 ferendo
1465 2429 1711 2510 vivam,
1766 2442 1830 2496 et
1869 2430 2080 2497 otium
2134 2429 2407 2496 animae
2456 2426 2815 2495 inimicum

292 2520 559 2587 evitem.
615 2521 790 2601 Quin
833 2535 897 2589 et
946 2519 1114 2588 illud
1160 2519 1385 2589 forsan
1446 2518 1821 2608 adjungere
1870 2518 2087 2597 voleS,
2144 2519 2443 2608 ineptam
2497 2536 2823 2585 verecun-

294 2608 448 2677 diae
487 2609 782 2698 speciem
848 2608 1083 2688 videri,
1134 2609 1189 2676 si
1243 2608 1443 2676 bomo
1511 2608 1712 2697 inops
1760 2607 1982 2677 aliena
2018 2607 2221 2676 domo
2281 2608 2377 2675 uti
2438 2606 2820 2685 erubescat,

293 2697 507 2766 donec
553 2698 763 2785 possit.
811 2697 1060 2766 habere
1130 2696 1511 2786 propriam:
1583 2710 1785 2783 atque
1832 2698 1923 2765 ita
1995 2718 2126 2765 non
2194 2700 2390 2785 p‘osse
2438 2693 2818 2763 absurdum

292 2787 552 2855 censeri
601 2809 638 2854 a
688 2786 1139 2875 sapientibus,
1197 2787 1253 2854 si
1316 2785 1643 2876 tantisper
1690 2806 1813 2874 ego
1864 2787 2191 2853 immorer
2236 2784 2481 2851 alienis
2552 2779 2826 2870 praedi-

292 2875 532 2943 candis
582 2876 968 2955 virtutibus,
1010 2875 1225 2943 donec
1262 2874 1571 2963 proprias
1594 2874 1974 2963 adipiscar:
2008 2872 2591 2959 quemadmodum
2633 2868 2822 2956 pueri

293 2964 512 3034 solent
563 2964 825 3033 tamdiu
857 2964 1179 3032 maternis
1228 2963 1518 3053 pedibus
1571 2964 1891 3052 provebi,
1947 2983 2305 3048 quousque
2354 2960 2499 3028 suis
2565 2959 2828 3047 possint

291 3053 687 3121 consistere.
727 3054 819 3122 Ad
852 3067 1254 3132 extremum,
1298 3053 1350 3121 si
1406 3053 1503 3120 sic
1555 3073 1828 3120 necesse
1863 3051 1971 3131 sit,
2025 3050 2449 3119 obedientiae
2488 3047 2826 3115 fraternae

292 3141 568 3210 titulum
608 3164 934 3233 oppones,
973 3164 1186 3227 eaque
1220 3163 1459 3209 omnes
1485 3141 2002 3208 excusationum
2050 3160 2354 3206 mearum
2395 3136 2614 3225 sepies
2652 3135 2820 3215 viaS,

292 3252 416 3298 nec
466 3229 686 3298 ullum
745 3231 1113 3316 relinqueS,
1157 3253 1272 3319 per
1310 3228 1488 3315 quod
1540 3227 1715 3296 elabi
1767 3227 1999 3309 liceat,
2040 3226 2370 3296 foramen.
2424 3224 2612 3308 Quod
2666 3224 2821 3310 qui-

291 3318 442 3387 dem
498 3319 552 3388 si
594 3319 899 3388 facturus
947 3341 1041 3398 es,
1088 3319 1250 3405 quid
1286 3318 1454 3386 milii
1503 3316 1809 3386 conferre
1847 3317 2058 3406 possit
2107 3315 2489 3405 ad‘objecta
2546 3335 2824 3413 respon-

291 3407 495 3476 dere?
542 3408 703 3474 Tuis
745 3408 954 3498 igitur
1003 3408 1322 3496 precibus
1355 3407 1859 3485 obsecundanS,
1891 3427 2067 3496 opus
2108 3405 2492 3496 aggrediar,
2546 3402 2828 3472 factam-

291 3518 424 3583 que
472 3496 650 3581 quod
693 3497 933 3565 beatus
981 3496 1355 3584 Legislator
1389 3495 1424 3531 ⁴*
1457 3509 1684 3564 noster
1728 3496 1930 3562 etiam
1983 3495 2066 3562 de
2093 3496 2420 3585 gravibus
2452 3506 2517 3563 et
2564 3493 2826 3580 impos-

290 3583 616 3655 sibilibus
668 3585 976 3673 imperiis
1028 3586 1166 3654 sive
1218 3584 1436 3673 jussis
1501 3584 1952 3672 praescribit,
2008 3584 2492 3685 ingrediarque
2544 3581 2829 3671 pelagus

287 3672 828 3743 conscribendae
877 3674 1051 3742 vitae
1102 3673 1313 3742 sancti
1379 3672 1703 3758 Aquilini.
1758 3678 1856 3742 Tu
1906 3673 2176 3741 interim
2219 3673 2281 3740 id
2334 3673 2624 3761 impetra
2677 3690 2826 3757 pre-

287 3763 488 3833 cibus
538 3761 697 3841 tuis,
749 3774 824 3830 ut
896 3762 1150 3851 possim
1201 3761 1532 3851 attingere
1595 3760 1780 3841 titus,
1844 3762 1925 3831 ad
1993 3761 2174 3848 quod
2229 3761 2470 3840 tendo,
2542 3757 2825 3846 adjutus

291 3853 691 3920 meritorum
737 3851 887 3941 ejus
927 3850 1297 3941 suffragiis,
1352 3851 1436 3919 de
1483 3873 1620 3937 quo
1669 3852 1890 3920 acturi
1927 3873 2195 3921 sumus.

371 4029 408 4114 ξ
455 4033 531 4098 ί.
588 4025 975 4096 Etiamnum
1019 4028 1455 4116 omnipotens
1495 4033 1668 4096 Deus
1718 4028 1998 4113 antiqua
2050 4026 2412 4095 declarans
2458 4022 2815 4104 miracula,

288 4137 422 4184 non
474 4130 694 4186 cessat
730 4116 968 4186 multis
1017 4131 1159 4186 tum
1212 4116 1731 4206 corporalibuS,
1790 4131 1932 4185 tum
1986 4115 2418 4205 spiritalibus
2485 4114 2539 4182 si
2600 4112 2703 4181 nis
2765 4124 2833 4182 et

290 4202 719 4276 documentis
763 4218 1078 4276 testatum
1122 4205 1411 4285 efficere,
1451 4227 1658 4292 quam
1706 4205 2044 4273 immensa
2077 4225 2235 4271 eroa
2278 4225 2397 4271 nos
2441 4205 2527 4271 sit
2604 4202 2827 4270 onitas

292 4314 440 4360 sua.
498 4298 576 4362 Ut
607 4295 789 4363 enim
843 4295 1231 4364 animorum
1274 4308 1658 4363 nostrorum
1715 4293 1922 4382 pellat
1970 4256 2348 4371 fastidium,
2401 4292 2581 4360 varia
2630 4291 2828 4360 nobis

298 4383 652 4471 proposuit
701 4384 1025 4454 virtutum
1080 4384 1489 4473 pharmaca,
1545 4396 1619 4451 ut
1665 4405 1745 4451 ex
1796 4396 1930 4453 tam
2004 4381 2417 4452 multivariis
2466 4381 2826 4471 speciebus

344 4506 372 4534 ¹·
399 4504 588 4549 Scilicet
612 4509 656 4549 S.
686 4509 965 4553 Benedictus
