3347 4999
251 371 425 437 OCT.
479 371 551 434 2⁴
1098 390 1175 435 na
1224 389 1276 436 s.
1324 389 1668 435 mmmmm
1716 388 1954 435 Acme
2575 372 2689 435 621⁴

251 474 545 543 habente
582 471 995 552 maleficum,
1037 473 1156 559 qui
1192 472 1656 543 daemoniacis
1704 472 2119 559 quibusdam
2176 472 2791 562 imprecationibus

250 563 461 649 hujus
513 560 874 649 impediret
919 583 1175 649 equo8,
1233 575 1295 632 et
1347 561 1533 631 illius
1587 561 1896 631 incitaret
1944 562 2026 630 ad
2079 583 2406 643 cursum,
2471 563 2651 631 venit
2700 562 2786 633 ad

250 651 527 720 beatum
579 649 1024 733 Hilarionem‚
1078 662 1142 720 et
1192 672 1323 720 non
1379 664 1511 720 tam
1563 650 2030 720 adversarium
2084 649 2285 731 laedi,
2324 672 2529 737 quam
2569 673 2638 721 se
2669 652 2786 721 de-

248 739 482 819 fendi,
541 740 941 808 obsecravit.
998 744 1312 828 Ineptum
1368 740 1586 808 visum
1639 752 1740 808 est
1789 738 2174 808 venerando
2224 738 2409 820 seni,
2466 739 2531 806 in
2587 739 2792 829 huju-

251 828 551 898 scemodi
597 827 803 918 nugis
851 830 1222 897 orationem
1265 828 1564 917 perdere.
1604 833 1909 914 Cumque
1949 827 2353 908 subrideret,
2393 841 2458 896 et
2488 827 2785 898 diceret:

250 940 283 983 «
325 922 459 985 Cur
491 916 673 985 enim
719 938 852 985 non
891 917 1113 1006 magis
1160 939 1491 1003 equorum
1550 916 1840 1005 pretium
1885 938 2002 1006 pro
2054 915 2271 985 salute
2316 917 2587 984 animae
2636 929 2794 986 tuae

250 1006 680 1095 pauperibus
727 1009 1023 1094 erogas?
1056 1028 1089 1071 »
1132 1004 1252 1074 llle
1295 1004 1666 1097 respondit,
1722 1003 2142 1074 functionem
2195 1026 2341 1074 esse
2387 1005 2781 1094 publicam:

248 1108 311 1163 et
366 1093 489 1162 hoc
540 1107 847 1163 nontam
891 1116 963 1162 se
1025 1093 1215 1174 velle,
1272 1116 1476 1182 quam
1531 1094 1721 1184 cogi:
1778 1116 1899 1162 nec
1997 1115 2147 1163 osse
2197 1093 2543 1162 bominem
2598 1093 2790 1163 Chri-

249 1183 548 1251 stianum
602 1182 701 1251 uti
756 1183 1040 1273 magieis
1090 1183 1375 1264 artibuS,
1417 1182 1529 1250 sed
1578 1206 1614 1250 a
1664 1203 1855 1251 servo
1906 1186 1948 1250 C
2008 1181 2148 1251 risti
2191 1183 2415 1271 potius
2451 1181 2782 1251 auxilium

249 1283 497 1361 petere,
548 1271 842 1339 maxime
890 1284 1122 1340 contra
1160 1275 1489 1341 Gazeuses
1524 1273 1949 1340 adversarios
1988 1275 2124 1350 Dei,
2167 1284 2229 1339 et
2274 1293 2404 1340 non
2451 1284 2583 1339 tam
2626 1271 2784 1352 sibi,

248 1381 455 1447 quam
510 1359 849 1428 Ecclesiae
897 1359 1138 1429 Christi
1192 1359 1622 1429 insultantes.
1680 1365 1981 1449 Rogatus
2029 1381 2189 1449 ergo
2238 1382 2275 1427 a
2326 1358 2617 1428 fratibus
2665 1360 2783 1446 qui

249 1448 556 1526 aderant,
613 1449 949 1538 scyphum
1005 1448 1307 1528 fictilem,
1364 1470 1499 1534 quo
1542 1449 1771 1517 bibere
1826 1461 2293 1526 consueverat,
2356 1451 2533 1535 aqua
2574 1448 2788 1537 jussit

250 1536 549 1627 impleri,
606 1537 804 1624 eique
839 1536 1038 1606 tradi.
1079 1542 1289 1618 Quem
1343 1560 1498 1605 cum
1536 1537 1912 1626 accepisset
1946 1536 2246 1616 ItalicuS,
2294 1550 2357 1605 et
2406 1536 2780 1618 stabulum,

244 1638 308 1694 et
357 1647 589 1711 equos,
644 1639 708 1695 et
756 1626 1033 1715 aurigas
1084 1647 1288 1704 sum,
1349 1625 1672 1705 rhedam,
1731 1646 2224 1711 carcerumque
2286 1624 2607 1781 repagula
2661 1625 2783 1693 ad-

249 1714 520 1803 spersit.
577 1715 742 1782 Mira
791 1714 975 1804 vulgi
1027 1714 1476 1802 exspectatio:
1534 1736 1687 1781 narn
1747 1729 1809 1783 et
1869 1714 2302 1783 adversarius
2414 1736 2490 1782 oc
2560 1714 2785 1803 ipsium

248 1802 543 1871 irridens
585 1803 1082 1872 diffamaverat:
1120 1817 1182 1871 et
1220 1802 1511 1872 fautores
1548 1801 1762 1870 Italici
1797 1802 1925 1871 sibi
1963 1815 2213 1871 certam
2256 1803 2601 1871 victoriam
2645 1801 2787 1890 pol-

243 1891 547 1971 licenteS,
588 1890 1004 1961 exultabant.
1060 1893 1299 1979 Igitur,
1351 1891 1506 1959 dato
1547 1891 1599 1959 si
1663 1914 1768 1971 no,
1817 1891 1882 1959 hi
1941 1890 2284 1970 advolant,
2342 1890 2452 1959 isti
2551 1911 2783 1979 raepe-

243 1980 556 2049 diuntur.
613 1980 752 2048 Sub
802 1979 1045 2048 horum
1101 2002 1312 2049 curru
1378 1993 1558 2048 rotae
1641 1981 1926 2059 'ervent‚
1986 1978 2079 2047 illi
2138 1993 2484 2068 praetervo
2516 1979 2780 2048 antium

245 2079 431 2156 terga
484 2068 587 2137 vix
638 2082 950 2137 cernunt.
1025 2068 1293 2138 Clamor
1339 2068 1415 2137 sit
1465 2067 1648 2158 vulgi
1701 2069 2011 2148 nimius,
2068 2068 2284 2136 ita-ut
2344 2067 2601 2136 ethnici
2651 2068 2784 2156 ipsi

239 2177 515 2243 quoque
545 2170 1038 2245 concreparent
1070 2180 1082 2224 :
1140 2162 1409 2225 Marnas
1458 2157 1677 2226 victus
1710 2168 1813 2225 est
1843 2179 1878 2224 a
1916 2156 2201 2227 Christo.
2238 2162 2443 2226 Porro
2478 2157 2784 2226 furentes

246 2244 644 2326 adversarii,
700 2244 1114 2315 Hilarionem
1153 2245 1539 2314 maleficum
1578 2245 2039 2315 Christianum
2077 2245 2159 2313 ad
2205 2244 2628 2335 supplicium
2668 2267 2785 2334 po-

247 2354 457 2402 scere.
505 2334 896 2403 Indubitata
931 2356 1092 2424 ergo
1126 2336 1424 2414 victoria,
1470 2346 1533 2402 et
1567 2333 1726 2414 iltis,
1758 2348 1821 2403 et
1864 2333 2099 2402 multis
2142 2345 2317 2403 retro
2353 2333 2785 2404 Circensibus

248 2420 594 2511 plurimis,
643 2423 801 2492 fidei
843 2424 1108 2492 occasio
1148 2422 1295 2491 fuit.

336 2513 372 2597 ξ
425 2516 565 2582 ¹2.
625 2517 712 2581 De
760 2513 1064 2602 ejusdem
1119 2512 1439 2581 Gazensis
1486 2512 1779 2600 emporii
1829 2511 2081 2602 oppido
2132 2512 2467 2602 virginem
2528 2512 2639 2581 Dei
2691 2512 2787 2579 vi-

242 2598 444 2668 cinus
485 2599 765 2688 juvenis
797 2601 1171 2690 deperibat.
1211 2602 1337 2685 Qui
1370 2623 1526 2669 cum
1566 2600 1954 2688 frequenter
1988 2614 2193 2682 tactu,
2224 2601 2425 2690 jociS,
2470 2600 2780 2682 nutibuS,

239 2688 503 2769 sibilis,
560 2703 624 2758 et
672 2691 956 2759 caeteris
1006 2689 1404 2779 hujusmodi
1454 2711 1630 2776 quae
1688 2689 1905 2758 solent
1954 2690 2325 2758 moriturae
2373 2688 2785 2779 virginitatis

239 2798 390 2847 esse
442 2778 806 2867 principia,
863 2778 1035 2847 nihil
1090 2777 1503 2868 profecisset,
1561 2779 1854 2867 perrexit
1904 2778 2299 2866 Memphim,
2338 2790 2434 2857 ut,
2473 2775 2787 2846 confesso

237 2866 520 2934 vulnere
553 2889 701 2951 suo,
743 2867 1032 2957 magicis
1066 2868 1330 2938 artibus
1379 2867 1631 2937 rediret
1677 2879 1985 2936 armatus
2034 2866 2117 2935 ad
2163 2866 2523 2956 virginem.
2565 2865 2785 2955 Igitur

239 2967 392 3042 post
441 2977 699 3024 annum
754 2956 994 3025 doctus
1043 2959 1128 3026 ab
1176 2955 1561 3044 Aesculapii
1613 2955 1906 3036 vatibuS,
1963 2975 2097 3022 non
2151 2954 2595 3023 remediantis
2636 2953 2781 3021 ani·

239 3065 413 3122 mas,
456 3043 571 3112 sed
635 3044 987 3125 werdentis‚
1034 3045 1214 3114 venit
1247 3056 1768 3134 praesumptum
1806 3044 2038 3112 animo
2080 3055 2396 3131 stuprum
2436 3042 2779 3132 gestiens:

231 3144 298 3199 et
345 3131 581 3201 subter
618 3068 834 3202 limen
888 3133 1138 3203 domus
1183 3133 1469 3223 puellae,
1528 3144 1859 3201 tormenta
1912 3131 2247 3217 quaedam
2287 3131 2676 3211 verborum,
2713 3143 2779 3201 et

236 3234 660 3320 portentosas
708 3223 968 3310 figuras
1007 3222 1312 3312 sculptas
1364 3222 1427 3290 in
1467 3220 1644 3290 aeris
1695 3220 1922 3309 Cyprii
1959 3219 2217 3288 lamina
2258 3219 2538 3289 defodit.
2580 3219 2776 3289 Illico

233 3310 546 3378 insanire
582 3309 793 3399 virg0‚
832 3324 896 3379 et
949 3312 1205 3380 amictu
1246 3309 1491 3399 capitis
1540 3309 1829 3395 abjecto,
1896 3321 2112 3377 rotare
2161 3309 2448 3389 crinem,
2493 3309 2784 3378 stridere

231 3397 579 3477 dentibuS‚
625 3397 995 3467 inclamare
1021 3421 1266 3468 nomen
1300 3398 1776 3467 adolescentis,
1807 3397 2202 3486 Magnitudo
2229 3398 2486 3487 quippe
2520 3399 2779 3468 amoris

233 3508 306 3557 se
341 3484 408 3553 in
473 3485 772 3555 furorem
816 3499 1121 3556 verterat.
1179 3485 1510 3556 Perducta
1560 3508 1722 3576 ergo
1771 3509 1809 3554 a
1868 3486 2267 3575 parentibus
2309 3486 2390 3555 ad
2433 3499 2785 3556 monaste-

231 3574 443 3655 rium,
486 3574 629 3644 seni
674 3574 986 3656 traditur,
1022 3574 1331 3644 ululante
1364 3574 1617 3655 statim,
1657 3588 1722 3644 et
1751 3575 2115 3644 confitente
2149 3575 2523 3645 daemone:
2562 3601 2596 3643 «
2628 3577 2775 3645 Vim

233 3662 568 3741 sustinui,
626 3662 880 3734 invitus
914 3663 1253 3733 abductus
1302 3686 1481 3733 sum.
1529 3669 1742 3746 Quam
1781 3664 1955 3733 bene
1987 3664 2286 3754 Memphi
2322 3664 2612 3735 somniis
2661 3664 2791 3733 bo·-

231 3752 456 3821 mines
503 3750 939 3821 deludebam.
995 3756 1044 3822 0
1095 3775 1356 3831 cruceS,
1413 3774 1451 3822 o
1504 3766 1835 3822 tormenta
1897 3775 2071 3840 quae
2123 3753 2363 3843 patior.
2422 3753 2616 3821 Exire
2671 3774 2777 3820 me

230 3842 442 3931 cogis,
497 3854 560 3909 et
609 3840 863 3931 ligatus
910 3841 1145 3910 subter
1195 3841 1400 3910 limen
1443 3853 1694 3910 teneor.
1749 3847 1888 3912 Nou
1948 3864 2131 3923 exeo.
2195 3841 2330 3911 nisi
2383 3864 2489 3910 me
2543 3839 2774 3909 adole-

228 3951 430 3999 scens
468 3929 588 4017 qui
625 3942 822 4010 tenet,
863 3929 1223 3998 dimiserit.
1261 3954 1295 3996 »
1346 3935 1534 4000 Tunc
1570 3953 1815 4000 senex:
1871 3930 2244 4011 «Grandis,
2288 3930 2403 4011 ait,
2446 3928 2775 3999 fortitudo

231 4031 373 4097 tua,
412 4020 527 4105 qui
566 4017 722 4088 licio
757 4031 820 4088 et
853 4017 1113 4087 lamina
1147 4019 1426 4089 strictus
1456 4019 1728 4088 teneris.
1770 4018 1924 4088 Dic:
1967 4025 2099 4089 Cur
2132 4040 2344 4088 ausus
2389 4041 2460 4088 es
2510 4017 2779 4108 ingredi

231 4105 531 4195 puellam
577 4108 742 4176 Dei‘?
776 4131 811 4173 »
843 4148 928 4156 —-
970 4130 1004 4173 «
1041 4113 1121 4177 Ut
1169 4129 1534 4188 servarem,
1577 4108 1823 4196 inquit,
1864 4130 2011 4177 eam
2058 4107 2585 4198 virginem.»——
2613 4130 2647 4173 «
2680 4112 2779 4177 Tu

229 4215 556 4276 servares,
606 4196 912 4287 proditor
942 4197 1328 4266 castitatis?
1377 4201 1508 4267 Cur
1544 4220 1675 4267 non
1718 4198 1944 4286 potius
1980 4197 2045 4265 in
2080 4219 2238 4266 eum
2277 4197 2394 4284 qui
2436 4210 2495 4266 te
2548 4197 2772 4266 mitte-

225 4281 368 4362 bat,
413 4305 484 4352 es
525 4285 932 4376 ingressus?
964 4309 998 4352 »
1033 4327 1121 4335 —
1155 4309 1189 4351 «
1235 4291 1315 4355 Ut
1370 4285 1533 4373 quid
1570 4342 1583 4368 ,
1638 4285 2041 4376 respondit,
2113 4286 2438 4355 intrarem
2492 4286 2558 4354 in
2611 4307 2784 4355 eum.

226 4371 349 4458 qui
385 4371 674 4443 habebat
720 4374 1049 4465 collegam
1105 4396 1335 4445 meum
1386 4376 1644 4446 amoris
1692 4375 2147 4445 daemonem?
2180 4399 2214 4442 »
2265 4375 2493 4446 Noluit
2542 4386 2784 4443 autem

227 4466 544 4544 SanctuS‚
590 4476 952 4552 antequam
1000 4476 1322 4555 purgaret
1372 4464 1706 4555 virginem
1742 4520 1756 4547 ,
1811 4464 1912 4534 vel
1953 4464 2455 4535 adolescentem
2494 4522 2507 4547 ,
2572 4465 2777 4553 signa.
