<?xml version="1.0" encoding="UTF-8"?>
<!DOCTYPE html PUBLIC "-//W3C//DTD XHTML 1.0 Transitional//EN"
    "http://www.w3.org/TR/xhtml1/DTD/xhtml1-transitional.dtd">
<html xmlns="http://www.w3.org/1999/xhtml" xml:lang="en" lang="en">
 <head>
  <title>
</title>
<meta http-equiv="Content-Type" content="text/html;charset=utf-8" />
  <meta name='ocr-system' content='tesseract 3.04.00' />
  <meta name='ocr-capabilities' content='ocr_page ocr_carea ocr_par ocr_line ocrx_word'/>
</head>
<body>
  <div class='ocr_page' id='page_1' title='image "./historiaeseuvit03lippgoog_0229.png"; bbox 0 0 3347 4999; ppageno 0'>
   <div class='ocr_carea' id='block_1_1' title="bbox 294 295 2758 364">
    <p class='ocr_par' dir='ltr' id='par_1_1' title="bbox 294 295 2758 364">
     <span class='ocr_line' id='line_1_1' title="bbox 294 295 2758 364; baseline 0 -3"><span class='ocrx_word' id='word_1_1' title='bbox 294 295 475 361; x_wconf 86' lang='lat' dir='ltr'>OCT.</span> <span class='ocrx_word' id='word_1_2' title='bbox 529 297 568 360; x_wconf 78' lang='grc' dir='ltr'><em>ὃ</em></span> <span class='ocrx_word' id='word_1_3' title='bbox 1062 316 1141 360; x_wconf 75' lang='lat' dir='ltr'>nss</span> <span class='ocrx_word' id='word_1_4' title='bbox 1174 315 1265 361; x_wconf 89' lang='lat' dir='ltr'>ss.</span> <span class='ocrx_word' id='word_1_5' title='bbox 1303 314 1564 364; x_wconf 74' lang='lat' dir='ltr'>PLAcmo</span> <span class='ocrx_word' id='word_1_6' title='bbox 1606 315 1680 361; x_wconf 76' lang='lat' dir='ltr'>Er</span> <span class='ocrx_word' id='word_1_7' title='bbox 1729 313 1928 360; x_wconf 84' lang='lat' dir='ltr'>socns</span> <span class='ocrx_word' id='word_1_8' title='bbox 1975 314 2088 360; x_wconf 66' lang='lat' dir='ltr'>flu.</span> <span class='ocrx_word' id='word_1_9' title='bbox 2631 296 2758 361; x_wconf 73' lang='lat'>499</span> 
     </span>
    </p>
   </div>
   <div class='ocr_carea' id='block_1_2' title="bbox 288 397 2849 1743">
    <p class='ocr_par' dir='ltr' id='par_1_2' title="bbox 288 397 2849 1377">
     <span class='ocr_line' id='line_1_2' title="bbox 296 397 2849 488; baseline -0.001 -19"><span class='ocrx_word' id='word_1_10' title='bbox 296 398 869 476; x_wconf 84' lang='lat' dir='ltr'>Christianorum,</span> <span class='ocrx_word' id='word_1_11' title='bbox 927 420 1006 467; x_wconf 90' lang='lat' dir='ltr'>ac</span> <span class='ocrx_word' id='word_1_12' title='bbox 1058 398 1391 488; x_wconf 89' lang='lat' dir='ltr'>virginem</span> <span class='ocrx_word' id='word_1_13' title='bbox 1465 399 1761 467; x_wconf 88' lang='lat' dir='ltr'>Flaviam</span> <span class='ocrx_word' id='word_1_14' title='bbox 1817 419 1957 466; x_wconf 89' lang='lat' dir='ltr'>una</span> <span class='ocrx_word' id='word_1_15' title='bbox 2013 419 2172 466; x_wconf 89' lang='lat' dir='ltr'>cum</span> <span class='ocrx_word' id='word_1_16' title='bbox 2226 397 2673 478; x_wconf 81' lang='lat' dir='ltr'>ChristicoliS,</span> <span class='ocrx_word' id='word_1_17' title='bbox 2729 419 2849 467; x_wconf 90' lang='lat' dir='ltr'>no-</span> 
     </span>
     <span class='ocr_line' id='line_1_3' title="bbox 295 485 2847 576; baseline -0.001 -18"><span class='ocrx_word' id='word_1_18' title='bbox 295 500 515 558; x_wconf 89' lang='lat' dir='ltr'>strum</span> <span class='ocrx_word' id='word_1_19' title='bbox 573 485 973 576; x_wconf 88' lang='lat' dir='ltr'>prophetam</span> <span class='ocrx_word' id='word_1_20' title='bbox 1028 487 1291 556; x_wconf 86' lang='lat' dir='ltr'>Moloch</span> <span class='ocrx_word' id='word_1_21' title='bbox 1343 487 1849 560; x_wconf 86' lang='lat' dir='ltr'>abominantes.</span> <span class='ocrx_word' id='word_1_22' title='bbox 1902 486 2125 574; x_wconf 87' lang='lat' dir='ltr'>capite</span> <span class='ocrx_word' id='word_1_23' title='bbox 2165 486 2356 555; x_wconf 87' lang='lat' dir='ltr'>caedi</span> <span class='ocrx_word' id='word_1_24' title='bbox 2392 488 2751 576; x_wconf 88' lang='lat' dir='ltr'>jubemus,</span> <span class='ocrx_word' id='word_1_25' title='bbox 2781 498 2847 556; x_wconf 89' lang='lat' dir='ltr'>et</span> 
     </span>
     <span class='ocr_line' id='line_1_4' title="bbox 290 574 2845 666; baseline -0 -20"><span class='ocrx_word' id='word_1_26' title='bbox 290 597 581 664; x_wconf 83' lang='lat' dir='ltr'>corpora</span> <span class='ocrx_word' id='word_1_27' title='bbox 644 597 882 644; x_wconf 89' lang='lat' dir='ltr'>eorum</span> <span class='ocrx_word' id='word_1_28' title='bbox 949 575 1308 645; x_wconf 88' lang='lat' dir='ltr'>inhumata</span> <span class='ocrx_word' id='word_1_29' title='bbox 1378 576 1563 666; x_wconf 89' lang='lat' dir='ltr'>lupis</span> <span class='ocrx_word' id='word_1_30' title='bbox 1628 598 1708 646; x_wconf 86' lang='lat' dir='ltr'>ac</span> <span class='ocrx_word' id='word_1_31' title='bbox 1770 574 2063 644; x_wconf 90' lang='lat' dir='ltr'>canibus</span> <span class='ocrx_word' id='word_1_32' title='bbox 2112 586 2175 642; x_wconf 87' lang='lat' dir='ltr'>et</span> <span class='ocrx_word' id='word_1_33' title='bbox 2225 575 2623 645; x_wconf 87' lang='lat' dir='ltr'>volucribus</span> <span class='ocrx_word' id='word_1_34' title='bbox 2667 575 2845 664; x_wconf 65' lang='lat' dir='ltr'>,coeli</span> 
     </span>
     <span class='ocr_line' id='line_1_5' title="bbox 288 662 2849 754; baseline 0 -19"><span class='ocrx_word' id='word_1_35' title='bbox 288 664 683 735; x_wconf 87' lang='lat' dir='ltr'>devoranda</span> <span class='ocrx_word' id='word_1_36' title='bbox 721 665 1041 750; x_wconf 78' lang='lat' dir='ltr'><strong>relinqui.</strong></span> <span class='ocrx_word' id='word_1_37' title='bbox 1077 665 1493 751; x_wconf 86' lang='lat' dir='ltr'>Nequissimi</span> <span class='ocrx_word' id='word_1_38' title='bbox 1542 680 1770 735; x_wconf 86' lang='lat' dir='ltr'>autem</span> <span class='ocrx_word' id='word_1_39' title='bbox 1825 662 2126 734; x_wconf 89' lang='lat' dir='ltr'>ministri</span> <span class='ocrx_word' id='word_1_40' title='bbox 2174 665 2442 734; x_wconf 84' lang='lat' dir='ltr'>concito</span> <span class='ocrx_word' id='word_1_41' title='bbox 2472 665 2695 754; x_wconf 85' lang='lat' dir='ltr'>gradu</span> <span class='ocrx_word' id='word_1_42' title='bbox 2748 687 2849 735; x_wconf 87' lang='lat' dir='ltr'>re-</span> 
     </span>
     <span class='ocr_line' id='line_1_6' title="bbox 290 752 2848 839; baseline 0.001 -17"><span class='ocrx_word' id='word_1_43' title='bbox 290 767 654 834; x_wconf 83' lang='lat' dir='ltr'>vertentes,</span> <span class='ocrx_word' id='word_1_44' title='bbox 693 758 1035 839; x_wconf 79' lang='lat' dir='ltr'>ejecerunt</span> <span class='ocrx_word' id='word_1_45' title='bbox 1070 759 1354 826; x_wconf 86' lang='lat' dir='ltr'>Sanctos</span> <span class='ocrx_word' id='word_1_46' title='bbox 1392 755 1477 824; x_wconf 90' lang='lat' dir='ltr'>de</span> <span class='ocrx_word' id='word_1_47' title='bbox 1513 752 1850 832; x_wconf 87' lang='lat' dir='ltr'>custodia,</span> <span class='ocrx_word' id='word_1_48' title='bbox 1889 753 1958 822; x_wconf 92' lang='lat' dir='ltr'>in</span> <span class='ocrx_word' id='word_1_49' title='bbox 2009 774 2148 839; x_wconf 89' lang='lat' dir='ltr'>qua</span> <span class='ocrx_word' id='word_1_50' title='bbox 2186 752 2405 822; x_wconf 88' lang='lat' dir='ltr'>clausi</span> <span class='ocrx_word' id='word_1_51' title='bbox 2443 753 2848 824; x_wconf 89' lang='lat' dir='ltr'>detineban-</span> 
     </span>
     <span class='ocr_line' id='line_1_7' title="bbox 294 841 2847 932; baseline -0 -20"><span class='ocrx_word' id='word_1_52' title='bbox 294 856 431 923; x_wconf 81' lang='lat' dir='ltr'>tur,</span> <span class='ocrx_word' id='word_1_53' title='bbox 466 854 531 911; x_wconf 88' lang='lat' dir='ltr'>et</span> <span class='ocrx_word' id='word_1_54' title='bbox 563 864 782 929; x_wconf 89' lang='lat' dir='ltr'>usque</span> <span class='ocrx_word' id='word_1_55' title='bbox 816 842 900 910; x_wconf 91' lang='lat' dir='ltr'>ad</span> <span class='ocrx_word' id='word_1_56' title='bbox 940 842 1103 911; x_wconf 87' lang='lat' dir='ltr'>litus</span> <span class='ocrx_word' id='word_1_57' title='bbox 1130 845 1304 913; x_wconf 89' lang='lat' dir='ltr'>mari</span> <span class='ocrx_word' id='word_1_58' title='bbox 1335 843 1405 913; x_wconf 89' lang='lat' dir='ltr'>in</span> <span class='ocrx_word' id='word_1_59' title='bbox 1445 865 1583 929; x_wconf 87' lang='lat' dir='ltr'>quo</span> <span class='ocrx_word' id='word_1_60' title='bbox 1609 841 1998 913; x_wconf 81' lang='lat' dir='ltr'>decollandi</span> <span class='ocrx_word' id='word_1_61' title='bbox 2029 855 2243 918; x_wconf 83' lang='lat' dir='ltr'>erant,</span> <span class='ocrx_word' id='word_1_62' title='bbox 2284 863 2399 911; x_wconf 88' lang='lat' dir='ltr'>eos</span> <span class='ocrx_word' id='word_1_63' title='bbox 2431 841 2847 932; x_wconf 88' lang='lat' dir='ltr'>flagellando</span> 
     </span>
     <span class='ocr_line' id='line_1_8' title="bbox 297 930 2847 1021; baseline 0.001 -21"><span class='ocrx_word' id='word_1_64' title='bbox 297 932 791 1020; x_wconf 83' lang='lat' dir='ltr'>perduxerunt.</span> <span class='ocrx_word' id='word_1_65' title='bbox 829 937 1018 1001; x_wconf 91' lang='lat' dir='ltr'>Tunc</span> <span class='ocrx_word' id='word_1_66' title='bbox 1054 933 1271 1002; x_wconf 88' lang='lat' dir='ltr'>sancti</span> <span class='ocrx_word' id='word_1_67' title='bbox 1316 945 1647 1020; x_wconf 82' lang='lat' dir='ltr'>martyres</span> <span class='ocrx_word' id='word_1_68' title='bbox 1683 931 2085 1020; x_wconf 80' lang='lat' dir='ltr'>Eutychius‚</span> <span class='ocrx_word' id='word_1_69' title='bbox 2127 930 2517 999; x_wconf 75' lang='lat' dir='ltr'>Victorinus</span> <span class='ocrx_word' id='word_1_70' title='bbox 2551 942 2613 1000; x_wconf 90' lang='lat' dir='ltr'>et</span> <span class='ocrx_word' id='word_1_71' title='bbox 2653 932 2847 1021; x_wconf 81' lang='lat' dir='ltr'>virgo</span> 
     </span>
     <span class='ocr_line' id='line_1_9' title="bbox 292 1018 2842 1111; baseline -0 -21"><span class='ocrx_word' id='word_1_72' title='bbox 292 1021 543 1101; x_wconf 90' lang='lat' dir='ltr'>Flavia,</span> <span class='ocrx_word' id='word_1_73' title='bbox 580 1043 737 1089; x_wconf 88' lang='lat' dir='ltr'>cum</span> <span class='ocrx_word' id='word_1_74' title='bbox 776 1021 1054 1111; x_wconf 85' lang='lat' dir='ltr'>triginta</span> <span class='ocrx_word' id='word_1_75' title='bbox 1093 1023 1316 1091; x_wconf 87' lang='lat' dir='ltr'>tribus</span> <span class='ocrx_word' id='word_1_76' title='bbox 1353 1022 1581 1101; x_wconf 80' lang='lat' dir='ltr'>sociiS,</span> <span class='ocrx_word' id='word_1_77' title='bbox 1624 1021 1970 1090; x_wconf 87' lang='lat' dir='ltr'>flectentes</span> <span class='ocrx_word' id='word_1_78' title='bbox 2004 1041 2253 1109; x_wconf 85' lang='lat' dir='ltr'>genua,</span> <span class='ocrx_word' id='word_1_79' title='bbox 2294 1018 2614 1088; x_wconf 89' lang='lat' dir='ltr'>decollati</span> <span class='ocrx_word' id='word_1_80' title='bbox 2656 1033 2842 1100; x_wconf 90' lang='lat' dir='ltr'>sunt,</span> 
     </span>
     <span class='ocr_line' id='line_1_10' title="bbox 288 1107 2840 1197; baseline -0.001 -18"><span class='ocrx_word' id='word_1_81' title='bbox 288 1132 431 1179; x_wconf 91' lang='lat' dir='ltr'>una</span> <span class='ocrx_word' id='word_1_82' title='bbox 466 1131 623 1179; x_wconf 91' lang='lat' dir='ltr'>cum</span> <span class='ocrx_word' id='word_1_83' title='bbox 660 1109 1058 1180; x_wconf 89' lang='lat' dir='ltr'>beatissimo</span> <span class='ocrx_word' id='word_1_84' title='bbox 1084 1109 1382 1190; x_wconf 82' lang='lat' dir='ltr'>Placido,</span> <span class='ocrx_word' id='word_1_85' title='bbox 1426 1111 1619 1179; x_wconf 78' lang='lat' dir='ltr'>tet-tio</span> <span class='ocrx_word' id='word_1_86' title='bbox 1650 1115 1875 1184; x_wconf 86' lang='lat' dir='ltr'>Nonas</span> <span class='ocrx_word' id='word_1_87' title='bbox 1910 1107 2242 1188; x_wconf 84' lang='lat' dir='ltr'>OctobriS,</span> <span class='ocrx_word' id='word_1_88' title='bbox 2281 1107 2465 1197; x_wconf 92' lang='lat' dir='ltr'>apud</span> <span class='ocrx_word' id='word_1_89' title='bbox 2508 1108 2840 1192; x_wconf 89' lang='lat' dir='ltr'>Siciliam,</span> 
     </span>
     <span class='ocr_line' id='line_1_11' title="bbox 289 1197 2845 1289; baseline 0.001 -22"><span class='ocrx_word' id='word_1_90' title='bbox 289 1198 362 1267; x_wconf 88' lang='lat' dir='ltr'>in</span> <span class='ocrx_word' id='word_1_91' title='bbox 419 1213 621 1288; x_wconf 91' lang='lat' dir='ltr'>portu</span> <span class='ocrx_word' id='word_1_92' title='bbox 669 1203 1018 1270; x_wconf 82' lang='lat' dir='ltr'>Messanae</span> <span class='ocrx_word' id='word_1_93' title='bbox 1067 1199 1381 1269; x_wconf 85' lang='lat' dir='ltr'>civitatis.</span> <span class='ocrx_word' id='word_1_94' title='bbox 1436 1200 1812 1270; x_wconf 63' lang='lat' dir='ltr'>tacuerunt</span> <span class='ocrx_word' id='word_1_95' title='bbox 1852 1210 2080 1268; x_wconf 89' lang='lat' dir='ltr'>autem</span> <span class='ocrx_word' id='word_1_96' title='bbox 2119 1209 2270 1289; x_wconf 90' lang='lat' dir='ltr'>post</span> <span class='ocrx_word' id='word_1_97' title='bbox 2318 1197 2845 1269; x_wconf 78' lang='lat' dir='ltr'>decollationem</span> 
     </span>
     <span class='ocr_line' id='line_1_12' title="bbox 289 1288 2014 1377; baseline -0.002 -19"><span class='ocrx_word' id='word_1_98' title='bbox 289 1310 575 1377; x_wconf 88' lang='lat' dir='ltr'>corpora</span> <span class='ocrx_word' id='word_1_99' title='bbox 628 1308 865 1356; x_wconf 90' lang='lat' dir='ltr'>eorum</span> <span class='ocrx_word' id='word_1_100' title='bbox 912 1288 1106 1375; x_wconf 83' lang='lat' dir='ltr'>juxta</span> <span class='ocrx_word' id='word_1_101' title='bbox 1159 1310 1347 1358; x_wconf 88' lang='lat' dir='ltr'>mare</span> <span class='ocrx_word' id='word_1_102' title='bbox 1395 1288 1643 1358; x_wconf 90' lang='lat' dir='ltr'>diebus</span> <span class='ocrx_word' id='word_1_103' title='bbox 1692 1300 2014 1374; x_wconf 91' lang='lat' dir='ltr'>quatuor.</span> 
     </span>
    </p>

    <p class='ocr_par' dir='ltr' id='par_1_3' title="bbox 290 1374 2846 1743">
     <span class='ocr_line' id='line_1_13' title="bbox 381 1374 2845 1466; baseline -0.001 -19"><span class='ocrx_word' id='word_1_104' title='bbox 381 1379 417 1463; x_wconf 67' lang='grc' dir='ltr'>ξ</span> <span class='ocrx_word' id='word_1_105' title='bbox 463 1382 615 1447; x_wconf 67' lang='lat'>8⁶1.</span> <span class='ocrx_word' id='word_1_106' title='bbox 666 1381 817 1446; x_wconf 83' lang='lat' dir='ltr'>Post</span> <span class='ocrx_word' id='word_1_107' title='bbox 864 1376 1253 1466; x_wconf 84' lang='lat' dir='ltr'>passionem</span> <span class='ocrx_word' id='word_1_108' title='bbox 1306 1399 1461 1447; x_wconf 91' lang='lat' dir='ltr'>vero</span> <span class='ocrx_word' id='word_1_109' title='bbox 1509 1375 1889 1448; x_wconf 82' lang='lat' dir='ltr'>beatissimi</span> <span class='ocrx_word' id='word_1_110' title='bbox 1944 1374 2202 1446; x_wconf 86' lang='lat' dir='ltr'>Placidi</span> <span class='ocrx_word' id='word_1_111' title='bbox 2254 1375 2571 1463; x_wconf 71' lang='lat' dir='ltr'>martyris</span> <span class='ocrx_word' id='word_1_112' title='bbox 2617 1387 2682 1444; x_wconf 91' lang='lat' dir='ltr'>et</span> <span class='ocrx_word' id='word_1_113' title='bbox 2734 1397 2845 1444; x_wconf 88' lang='lat' dir='ltr'>so-</span> 
     </span>
     <span class='ocr_line' id='line_1_14' title="bbox 290 1463 2843 1554; baseline -0.001 -19"><span class='ocrx_word' id='word_1_114' title='bbox 290 1466 557 1536; x_wconf 91' lang='lat' dir='ltr'>ciorum</span> <span class='ocrx_word' id='word_1_115' title='bbox 608 1466 781 1554; x_wconf 88' lang='lat' dir='ltr'>ejus,</span> <span class='ocrx_word' id='word_1_116' title='bbox 837 1466 1222 1546; x_wconf 88' lang='lat' dir='ltr'>Mamucha,</span> <span class='ocrx_word' id='word_1_117' title='bbox 1277 1466 1741 1554; x_wconf 89' lang='lat' dir='ltr'>impiissimus</span> <span class='ocrx_word' id='word_1_118' title='bbox 1775 1465 1917 1536; x_wconf 83' lang='lat' dir='ltr'>dux</span> <span class='ocrx_word' id='word_1_119' title='bbox 1966 1470 2492 1543; x_wconf 88' lang='lat' dir='ltr'>Saracenorum,</span> <span class='ocrx_word' id='word_1_120' title='bbox 2541 1463 2843 1534; x_wconf 90' lang='lat' dir='ltr'>necdum</span> 
     </span>
     <span class='ocr_line' id='line_1_15' title="bbox 292 1551 2844 1645; baseline -0.001 -21"><span class='ocrx_word' id='word_1_121' title='bbox 292 1566 643 1624; x_wconf 89' lang='lat' dir='ltr'>saturatus</span> <span class='ocrx_word' id='word_1_122' title='bbox 690 1554 774 1622; x_wconf 89' lang='lat' dir='ltr'>de</span> <span class='ocrx_word' id='word_1_123' title='bbox 814 1555 1154 1645; x_wconf 84' lang='lat' dir='ltr'>sanguine</span> <span class='ocrx_word' id='word_1_124' title='bbox 1203 1561 1635 1636; x_wconf 87' lang='lat' dir='ltr'>Sanctorum,</span> <span class='ocrx_word' id='word_1_125' title='bbox 1673 1576 1880 1642; x_wconf 87' lang='lat' dir='ltr'>quem</span> <span class='ocrx_word' id='word_1_126' title='bbox 1916 1555 2319 1624; x_wconf 82' lang='lat' dir='ltr'>innocenter</span> <span class='ocrx_word' id='word_1_127' title='bbox 2350 1552 2614 1623; x_wconf 83' lang='lat' dir='ltr'>effundi</span> <span class='ocrx_word' id='word_1_128' title='bbox 2663 1551 2844 1622; x_wconf 90' lang='lat' dir='ltr'>fece-</span> 
     </span>
     <span class='ocr_line' id='line_1_16' title="bbox 292 1642 2846 1743; baseline -0.001 -30"><span class='ocrx_word' id='word_1_129' title='bbox 292 1657 419 1722; x_wconf 86' lang='lat' dir='ltr'>rat,</span> <span class='ocrx_word' id='word_1_130' title='bbox 480 1644 823 1743; x_wconf 82' lang='lat' dir='ltr'>praecepit</span> <span class='ocrx_word' id='word_1_131' title='bbox 856 1657 933 1713; x_wconf 91' lang='lat' dir='ltr'>ut</span> <span class='ocrx_word' id='word_1_132' title='bbox 982 1645 1475 1715; x_wconf 87' lang='lat' dir='ltr'>monasterium</span> <span class='ocrx_word' id='word_1_133' title='bbox 1515 1643 1712 1726; x_wconf 89' lang='lat' dir='ltr'>illud,</span> <span class='ocrx_word' id='word_1_134' title='bbox 1766 1642 1947 1731; x_wconf 90' lang='lat' dir='ltr'>quod</span> <span class='ocrx_word' id='word_1_135' title='bbox 2002 1643 2242 1712; x_wconf 89' lang='lat' dir='ltr'>beatus</span> <span class='ocrx_word' id='word_1_136' title='bbox 2291 1642 2612 1712; x_wconf 84' lang='lat' dir='ltr'>Placidus</span> <span class='ocrx_word' id='word_1_137' title='bbox 2652 1642 2846 1711; x_wconf 89' lang='lat' dir='ltr'>aedi·</span> 
     </span>
    </p>
   </div>
   <div class='ocr_carea' id='block_1_3' title="bbox 174 1731 2843 1818">
    <p class='ocr_par' dir='ltr' id='par_1_4' title="bbox 174 1731 2843 1818">
     <span class='ocr_line' id='line_1_17' title="bbox 174 1731 2843 1818; baseline -0.001 -16"><span class='ocrx_word' id='word_1_138' title='bbox 174 1753 189 1768; x_wconf 87' lang='lat'><strong>·</strong></span> <span class='ocrx_word' id='word_1_139' title='bbox 291 1734 638 1810; x_wconf 85' lang='lat' dir='ltr'>ficaverat‚</span> <span class='ocrx_word' id='word_1_140' title='bbox 693 1755 762 1800; x_wconf 79' lang='lat' dir='ltr'>in</span> <span class='ocrx_word' id='word_1_141' title='bbox 813 1754 950 1818; x_wconf 87' lang='lat' dir='ltr'>quo</span> <span class='ocrx_word' id='word_1_142' title='bbox 998 1734 1200 1802; x_wconf 90' lang='lat' dir='ltr'>etiam</span> <span class='ocrx_word' id='word_1_143' title='bbox 1237 1745 1303 1803; x_wconf 88' lang='lat' dir='ltr'>et</span> <span class='ocrx_word' id='word_1_144' title='bbox 1333 1733 1779 1814; x_wconf 74' lang='lat' dir='ltr'>habitaverat,</span> <span class='ocrx_word' id='word_1_145' title='bbox 1833 1732 2341 1812; x_wconf 83' lang='lat' dir='ltr'>incenderetur,</span> <span class='ocrx_word' id='word_1_146' title='bbox 2391 1743 2456 1801; x_wconf 93' lang='lat' dir='ltr'>et</span> <span class='ocrx_word' id='word_1_147' title='bbox 2501 1754 2542 1800; x_wconf 90' lang='lat' dir='ltr'>a</span> <span class='ocrx_word' id='word_1_148' title='bbox 2590 1731 2843 1801; x_wconf 86' lang='lat' dir='ltr'>sunda-</span> 
     </span>
    </p>
   </div>
   <div class='ocr_carea' id='block_1_4' title="bbox 273 1821 2848 4226">
    <p class='ocr_par' dir='ltr' id='par_1_5' title="bbox 285 1821 2848 3780">
     <span class='ocr_line' id='line_1_18' title="bbox 294 1821 2843 1912; baseline 0 -22"><span class='ocrx_word' id='word_1_149' title='bbox 294 1821 545 1891; x_wconf 89' lang='lat' dir='ltr'>mentis</span> <span class='ocrx_word' id='word_1_150' title='bbox 611 1833 1045 1891; x_wconf 85' lang='lat' dir='ltr'>everteretur.</span> <span class='ocrx_word' id='word_1_151' title='bbox 1110 1823 1353 1909; x_wconf 90' lang='lat' dir='ltr'>Sicque</span> <span class='ocrx_word' id='word_1_152' title='bbox 1413 1821 1668 1891; x_wconf 87' lang='lat' dir='ltr'>sactum</span> <span class='ocrx_word' id='word_1_153' title='bbox 1721 1835 1861 1903; x_wconf 91' lang='lat' dir='ltr'>est,</span> <span class='ocrx_word' id='word_1_154' title='bbox 1913 1834 1989 1891; x_wconf 87' lang='lat' dir='ltr'>ut</span> <span class='ocrx_word' id='word_1_155' title='bbox 2040 1843 2159 1912; x_wconf 89' lang='lat' dir='ltr'>per</span> <span class='ocrx_word' id='word_1_156' title='bbox 2228 1833 2525 1907; x_wconf 88' lang='lat' dir='ltr'>quatuor</span> <span class='ocrx_word' id='word_1_157' title='bbox 2573 1821 2720 1889; x_wconf 90' lang='lat' dir='ltr'>dies</span> <span class='ocrx_word' id='word_1_158' title='bbox 2774 1821 2843 1890; x_wconf 90' lang='lat' dir='ltr'>in</span> 
     </span>
     <span class='ocr_line' id='line_1_19' title="bbox 291 1909 2838 2001; baseline -0 -22"><span class='ocrx_word' id='word_1_159' title='bbox 291 1909 550 1996; x_wconf 87' lang='lat' dir='ltr'>quibus</span> <span class='ocrx_word' id='word_1_160' title='bbox 594 1922 742 1998; x_wconf 86' lang='lat' dir='ltr'>post</span> <span class='ocrx_word' id='word_1_161' title='bbox 775 1909 1294 1980; x_wconf 88' lang='lat' dir='ltr'>decollationem</span> <span class='ocrx_word' id='word_1_162' title='bbox 1325 1933 1613 2001; x_wconf 88' lang='lat' dir='ltr'>corpora</span> <span class='ocrx_word' id='word_1_163' title='bbox 1650 1916 2056 1981; x_wconf 86' lang='lat' dir='ltr'>Sanctorum</span> <span class='ocrx_word' id='word_1_164' title='bbox 2088 1911 2461 2000; x_wconf 86' lang='lat' dir='ltr'>jacuerunt</span> <span class='ocrx_word' id='word_1_165' title='bbox 2500 1910 2570 1978; x_wconf 92' lang='lat' dir='ltr'>in</span> <span class='ocrx_word' id='word_1_166' title='bbox 2617 1909 2838 1989; x_wconf 85' lang='lat' dir='ltr'>litore,</span> 
     </span>
     <span class='ocr_line' id='line_1_20' title="bbox 295 1998 2848 2080; baseline 0.001 -14"><span class='ocrx_word' id='word_1_167' title='bbox 295 1999 791 2067; x_wconf 86' lang='lat' dir='ltr'>monasterium</span> <span class='ocrx_word' id='word_1_168' title='bbox 844 2021 1047 2068; x_wconf 90' lang='lat' dir='ltr'>omne</span> <span class='ocrx_word' id='word_1_169' title='bbox 1097 2000 1504 2080; x_wconf 87' lang='lat' dir='ltr'>incensum,</span> <span class='ocrx_word' id='word_1_170' title='bbox 1544 2012 1610 2070; x_wconf 92' lang='lat' dir='ltr'>et</span> <span class='ocrx_word' id='word_1_171' title='bbox 1659 1999 1805 2072; x_wconf 90' lang='lat' dir='ltr'>solo</span> <span class='ocrx_word' id='word_1_172' title='bbox 1842 2013 2040 2069; x_wconf 89' lang='lat' dir='ltr'>tenus</span> <span class='ocrx_word' id='word_1_173' title='bbox 2086 2021 2399 2070; x_wconf 90' lang='lat' dir='ltr'>eversum</span> <span class='ocrx_word' id='word_1_174' title='bbox 2450 2011 2572 2079; x_wconf 91' lang='lat' dir='ltr'>est,</span> <span class='ocrx_word' id='word_1_175' title='bbox 2633 1998 2720 2066; x_wconf 89' lang='lat' dir='ltr'>ita</span> <span class='ocrx_word' id='word_1_176' title='bbox 2772 2010 2848 2069; x_wconf 89' lang='lat' dir='ltr'>ut</span> 
     </span>
     <span class='ocr_line' id='line_1_21' title="bbox 291 2086 2843 2176; baseline 0 -21"><span class='ocrx_word' id='word_1_177' title='bbox 291 2087 497 2155; x_wconf 87' lang='lat' dir='ltr'>etiam</span> <span class='ocrx_word' id='word_1_178' title='bbox 550 2086 994 2158; x_wconf 84' lang='lat' dir='ltr'>fundamenta</span> <span class='ocrx_word' id='word_1_179' title='bbox 1042 2089 1439 2159; x_wconf 86' lang='lat' dir='ltr'>monasterii</span> <span class='ocrx_word' id='word_1_180' title='bbox 1491 2090 1810 2159; x_wconf 87' lang='lat' dir='ltr'>Saraceni</span> <span class='ocrx_word' id='word_1_181' title='bbox 1871 2087 2272 2167; x_wconf 88' lang='lat' dir='ltr'>evellerent,</span> <span class='ocrx_word' id='word_1_182' title='bbox 2334 2101 2400 2157; x_wconf 89' lang='lat' dir='ltr'>et</span> <span class='ocrx_word' id='word_1_183' title='bbox 2439 2087 2739 2176; x_wconf 88' lang='lat' dir='ltr'>lapides.</span> <span class='ocrx_word' id='word_1_184' title='bbox 2773 2087 2843 2155; x_wconf 93' lang='lat' dir='ltr'>in</span> 
     </span>
     <span class='ocr_line' id='line_1_22' title="bbox 294 2176 2842 2264; baseline 0.001 -20"><span class='ocrx_word' id='word_1_185' title='bbox 294 2198 482 2244; x_wconf 90' lang='lat' dir='ltr'>mare</span> <span class='ocrx_word' id='word_1_186' title='bbox 520 2177 926 2264; x_wconf 73' lang='lat' dir='ltr'>projicerent</span> <span class='ocrx_word' id='word_1_187' title='bbox 958 2177 1015 2246; x_wconf 72' lang='lat'>*.</span> <span class='ocrx_word' id='word_1_188' title='bbox 1068 2182 1334 2247; x_wconf 87' lang='lat' dir='ltr'>Interea</span> <span class='ocrx_word' id='word_1_189' title='bbox 1385 2178 1512 2247; x_wconf 92' lang='lat' dir='ltr'>hoc</span> <span class='ocrx_word' id='word_1_190' title='bbox 1545 2199 1734 2247; x_wconf 90' lang='lat' dir='ltr'>mare</span> <span class='ocrx_word' id='word_1_191' title='bbox 1784 2177 2084 2256; x_wconf 89' lang='lat' dir='ltr'>sedatur,</span> <span class='ocrx_word' id='word_1_192' title='bbox 2125 2188 2484 2246; x_wconf 90' lang='lat' dir='ltr'>ventorum</span> <span class='ocrx_word' id='word_1_193' title='bbox 2529 2176 2842 2247; x_wconf 80' lang='lat' dir='ltr'>turbines</span> 
     </span>
     <span class='ocr_line' id='line_1_23' title="bbox 294 2264 2843 2356; baseline 0.001 -23"><span class='ocrx_word' id='word_1_194' title='bbox 294 2265 774 2353; x_wconf 85' lang='lat' dir='ltr'>pacificantur,</span> <span class='ocrx_word' id='word_1_195' title='bbox 822 2267 1053 2337; x_wconf 89' lang='lat' dir='ltr'>nautis</span> <span class='ocrx_word' id='word_1_196' title='bbox 1104 2268 1208 2335; x_wconf 84' lang='lat' dir='ltr'>via</span> <span class='ocrx_word' id='word_1_197' title='bbox 1261 2266 1611 2356; x_wconf 87' lang='lat' dir='ltr'>panditur.</span> <span class='ocrx_word' id='word_1_198' title='bbox 1665 2265 1857 2349; x_wconf 85' lang='lat' dir='ltr'>Quod</span> <span class='ocrx_word' id='word_1_199' title='bbox 1908 2264 2437 2336; x_wconf 87' lang='lat' dir='ltr'>crudelissimus</span> <span class='ocrx_word' id='word_1_200' title='bbox 2498 2265 2640 2335; x_wconf 84' lang='lat' dir='ltr'>dux</span> <span class='ocrx_word' id='word_1_201' title='bbox 2688 2286 2843 2356; x_wconf 89' lang='lat' dir='ltr'>per-</span> 
     </span>
     <span class='ocr_line' id='line_1_24' title="bbox 291 2354 2843 2442; baseline 0.001 -20"><span class='ocrx_word' id='word_1_202' title='bbox 291 2354 616 2442; x_wconf 79' lang='lat' dir='ltr'>spicien5‚</span> <span class='ocrx_word' id='word_1_203' title='bbox 667 2354 978 2442; x_wconf 89' lang='lat' dir='ltr'>imperat,</span> <span class='ocrx_word' id='word_1_204' title='bbox 1016 2368 1092 2425; x_wconf 87' lang='lat' dir='ltr'>ut</span> <span class='ocrx_word' id='word_1_205' title='bbox 1140 2378 1381 2426; x_wconf 90' lang='lat' dir='ltr'>omnes</span> <span class='ocrx_word' id='word_1_206' title='bbox 1433 2356 1754 2425; x_wconf 90' lang='lat' dir='ltr'>Saraceni</span> <span class='ocrx_word' id='word_1_207' title='bbox 1788 2355 1875 2425; x_wconf 90' lang='lat' dir='ltr'>ad</span> <span class='ocrx_word' id='word_1_208' title='bbox 1914 2377 2100 2425; x_wconf 89' lang='lat' dir='ltr'>mare</span> <span class='ocrx_word' id='word_1_209' title='bbox 2138 2354 2461 2427; x_wconf 87' lang='lat' dir='ltr'>redirent.</span> <span class='ocrx_word' id='word_1_210' title='bbox 2498 2366 2843 2441; x_wconf 87' lang='lat' dir='ltr'>quatenus</span> 
     </span>
     <span class='ocr_line' id='line_1_25' title="bbox 291 2442 2844 2533; baseline 0.001 -22"><span class='ocrx_word' id='word_1_211' title='bbox 291 2444 491 2533; x_wconf 84' lang='lat' dir='ltr'>signo</span> <span class='ocrx_word' id='word_1_212' title='bbox 525 2442 682 2512; x_wconf 90' lang='lat' dir='ltr'>dato</span> <span class='ocrx_word' id='word_1_213' title='bbox 733 2466 937 2515; x_wconf 87' lang='lat' dir='ltr'>naves</span> <span class='ocrx_word' id='word_1_214' title='bbox 970 2445 1530 2516; x_wconf 82' lang='lat' dir='ltr'>conscenderent.</span> <span class='ocrx_word' id='word_1_215' title='bbox 1586 2449 1846 2515; x_wconf 74' lang='lat' dir='ltr'>Aurora</span> <span class='ocrx_word' id='word_1_216' title='bbox 1895 2456 2123 2515; x_wconf 89' lang='lat' dir='ltr'>autem</span> <span class='ocrx_word' id='word_1_217' title='bbox 2156 2444 2381 2532; x_wconf 90' lang='lat' dir='ltr'>quinti</span> <span class='ocrx_word' id='word_1_218' title='bbox 2432 2443 2567 2514; x_wconf 91' lang='lat' dir='ltr'>diei</span> <span class='ocrx_word' id='word_1_219' title='bbox 2604 2443 2844 2514; x_wconf 85' lang='lat' dir='ltr'>illuce-</span> 
     </span>
     <span class='ocr_line' id='line_1_26' title="bbox 294 2533 2836 2617; baseline 0.001 -16"><span class='ocrx_word' id='word_1_220' title='bbox 294 2546 548 2613; x_wconf 86' lang='lat' dir='ltr'>scente,</span> <span class='ocrx_word' id='word_1_221' title='bbox 610 2536 931 2603; x_wconf 89' lang='lat' dir='ltr'>Saraceni</span> <span class='ocrx_word' id='word_1_222' title='bbox 980 2557 1140 2604; x_wconf 90' lang='lat' dir='ltr'>cum</span> <span class='ocrx_word' id='word_1_223' title='bbox 1192 2534 1365 2604; x_wconf 91' lang='lat' dir='ltr'>duce</span> <span class='ocrx_word' id='word_1_224' title='bbox 1414 2556 1541 2605; x_wconf 91' lang='lat' dir='ltr'>suo</span> <span class='ocrx_word' id='word_1_225' title='bbox 1577 2535 1940 2605; x_wconf 82' lang='lat' dir='ltr'>Mamucha</span> <span class='ocrx_word' id='word_1_226' title='bbox 1993 2556 2199 2605; x_wconf 88' lang='lat' dir='ltr'>naves</span> <span class='ocrx_word' id='word_1_227' title='bbox 2257 2533 2836 2617; x_wconf 79' lang='lat' dir='ltr'>conscendentes,</span> 
     </span>
     <span class='ocr_line' id='line_1_27' title="bbox 290 2622 2843 2714; baseline 0 -24"><span class='ocrx_word' id='word_1_228' title='bbox 290 2622 607 2709; x_wconf 88' lang='lat' dir='ltr'>aequoris</span> <span class='ocrx_word' id='word_1_229' title='bbox 652 2622 789 2692; x_wconf 88' lang='lat' dir='ltr'>alta</span> <span class='ocrx_word' id='word_1_230' title='bbox 838 2623 1107 2694; x_wconf 90' lang='lat' dir='ltr'>sulcare</span> <span class='ocrx_word' id='word_1_231' title='bbox 1155 2638 1548 2714; x_wconf 89' lang='lat' dir='ltr'>coeperunt.</span> <span class='ocrx_word' id='word_1_232' title='bbox 1605 2630 1771 2693; x_wconf 87' lang='lat' dir='ltr'>Prae</span> <span class='ocrx_word' id='word_1_233' title='bbox 1803 2623 2237 2694; x_wconf 86' lang='lat' dir='ltr'>celsitudinis</span> <span class='ocrx_word' id='word_1_234' title='bbox 2285 2645 2441 2692; x_wconf 88' lang='lat' dir='ltr'>vero</span> <span class='ocrx_word' id='word_1_235' title='bbox 2493 2624 2843 2712; x_wconf 87' lang='lat' dir='ltr'>magnitu-</span> 
     </span>
     <span class='ocr_line' id='line_1_28' title="bbox 289 2710 2841 2799; baseline 0.001 -21"><span class='ocrx_word' id='word_1_236' title='bbox 289 2710 474 2791; x_wconf 89' lang='lat' dir='ltr'>dine,</span> <span class='ocrx_word' id='word_1_237' title='bbox 526 2712 886 2781; x_wconf 90' lang='lat' dir='ltr'>ecclesiam</span> <span class='ocrx_word' id='word_1_238' title='bbox 937 2735 1146 2799; x_wconf 89' lang='lat' dir='ltr'>quam</span> <span class='ocrx_word' id='word_1_239' title='bbox 1206 2714 1388 2784; x_wconf 86' lang='lat' dir='ltr'>intra</span> <span class='ocrx_word' id='word_1_240' title='bbox 1424 2714 1919 2782; x_wconf 89' lang='lat' dir='ltr'>monasterium</span> <span class='ocrx_word' id='word_1_241' title='bbox 1972 2735 2180 2783; x_wconf 90' lang='lat' dir='ltr'>suum</span> <span class='ocrx_word' id='word_1_242' title='bbox 2232 2712 2473 2782; x_wconf 90' lang='lat' dir='ltr'>beatus</span> <span class='ocrx_word' id='word_1_243' title='bbox 2521 2710 2841 2781; x_wconf 89' lang='lat' dir='ltr'>Placidus</span> 
     </span>
     <span class='ocr_line' id='line_1_29' title="bbox 288 2799 2844 2891; baseline 0 -24"><span class='ocrx_word' id='word_1_244' title='bbox 288 2800 357 2867; x_wconf 89' lang='lat' dir='ltr'>in</span> <span class='ocrx_word' id='word_1_245' title='bbox 396 2799 652 2869; x_wconf 90' lang='lat' dir='ltr'>honore</span> <span class='ocrx_word' id='word_1_246' title='bbox 677 2802 897 2871; x_wconf 88' lang='lat' dir='ltr'>sancti</span> <span class='ocrx_word' id='word_1_247' title='bbox 925 2801 1213 2874; x_wconf 65' lang='lat' dir='ltr'>,loannis</span> <span class='ocrx_word' id='word_1_248' title='bbox 1260 2801 1601 2891; x_wconf 88' lang='lat' dir='ltr'>Baptistae</span> <span class='ocrx_word' id='word_1_249' title='bbox 1635 2801 2140 2883; x_wconf 83' lang='lat' dir='ltr'>aedificaverat,</span> <span class='ocrx_word' id='word_1_250' title='bbox 2186 2823 2343 2872; x_wconf 90' lang='lat' dir='ltr'>cum</span> <span class='ocrx_word' id='word_1_251' title='bbox 2397 2812 2574 2869; x_wconf 88' lang='lat' dir='ltr'>esset</span> <span class='ocrx_word' id='word_1_252' title='bbox 2607 2800 2844 2889; x_wconf 90' lang='lat' dir='ltr'>ampla</span> 
     </span>
     <span class='ocr_line' id='line_1_30' title="bbox 285 2887 2842 2979; baseline 0 -22"><span class='ocrx_word' id='word_1_253' title='bbox 285 2903 352 2957; x_wconf 89' lang='lat' dir='ltr'>et</span> <span class='ocrx_word' id='word_1_254' title='bbox 399 2889 558 2969; x_wconf 84' lang='lat' dir='ltr'>alta,</span> <span class='ocrx_word' id='word_1_255' title='bbox 617 2891 935 2959; x_wconf 90' lang='lat' dir='ltr'>Saraceni</span> <span class='ocrx_word' id='word_1_256' title='bbox 1006 2891 1425 2963; x_wconf 88' lang='lat' dir='ltr'>succendere</span> <span class='ocrx_word' id='word_1_257' title='bbox 1492 2892 1632 2961; x_wconf 89' lang='lat' dir='ltr'>sive</span> <span class='ocrx_word' id='word_1_258' title='bbox 1689 2905 1987 2961; x_wconf 91' lang='lat' dir='ltr'>evertere</span> <span class='ocrx_word' id='word_1_259' title='bbox 2052 2912 2185 2960; x_wconf 89' lang='lat' dir='ltr'>non</span> <span class='ocrx_word' id='word_1_260' title='bbox 2250 2902 2666 2979; x_wconf 90' lang='lat' dir='ltr'>potuerunt,</span> <span class='ocrx_word' id='word_1_261' title='bbox 2721 2887 2842 2957; x_wconf 89' lang='lat' dir='ltr'>sed</span> 
     </span>
     <span class='ocr_line' id='line_1_31' title="bbox 289 2977 2833 3069; baseline 0 -24"><span class='ocrx_word' id='word_1_262' title='bbox 289 2977 516 3046; x_wconf 89' lang='lat' dir='ltr'>modis</span> <span class='ocrx_word' id='word_1_263' title='bbox 578 2980 933 3059; x_wconf 84' lang='lat' dir='ltr'>omnibuS,</span> <span class='ocrx_word' id='word_1_264' title='bbox 984 2980 1242 3066; x_wconf 88' lang='lat' dir='ltr'>quibus</span> <span class='ocrx_word' id='word_1_265' title='bbox 1296 2992 1645 3069; x_wconf 84' lang='lat' dir='ltr'>poterant,</span> <span class='ocrx_word' id='word_1_266' title='bbox 1706 2980 2102 3068; x_wconf 91' lang='lat' dir='ltr'>polluerunt</span> <span class='ocrx_word' id='word_1_267' title='bbox 2146 2992 2210 3049; x_wconf 91' lang='lat' dir='ltr'>et</span> <span class='ocrx_word' id='word_1_268' title='bbox 2261 2978 2833 3067; x_wconf 79' lang='lat' dir='ltr'>profanaverunt3</span> 
     </span>
     <span class='ocr_line' id='line_1_32' title="bbox 285 3067 2841 3159; baseline 0 -24"><span class='ocrx_word' id='word_1_269' title='bbox 285 3079 353 3135; x_wconf 87' lang='lat' dir='ltr'>et</span> <span class='ocrx_word' id='word_1_270' title='bbox 384 3067 716 3153; x_wconf 88' lang='lat' dir='ltr'>quicquid</span> <span class='ocrx_word' id='word_1_271' title='bbox 760 3090 1046 3157; x_wconf 87' lang='lat' dir='ltr'>pravum</span> <span class='ocrx_word' id='word_1_272' title='bbox 1102 3068 1202 3137; x_wconf 89' lang='lat' dir='ltr'>vel</span> <span class='ocrx_word' id='word_1_273' title='bbox 1253 3069 1391 3139; x_wconf 89' lang='lat' dir='ltr'>dici</span> <span class='ocrx_word' id='word_1_274' title='bbox 1430 3068 1528 3139; x_wconf 92' lang='lat' dir='ltr'>vel</span> <span class='ocrx_word' id='word_1_275' title='bbox 1578 3069 1865 3159; x_wconf 82' lang='lat' dir='ltr'>cogitari</span> <span class='ocrx_word' id='word_1_276' title='bbox 1915 3079 2157 3158; x_wconf 89' lang='lat' dir='ltr'>potest,</span> <span class='ocrx_word' id='word_1_277' title='bbox 2212 3067 2465 3137; x_wconf 89' lang='lat' dir='ltr'>ibidem</span> <span class='ocrx_word' id='word_1_278' title='bbox 2518 3088 2841 3136; x_wconf 83' lang='lat' dir='ltr'>exercue-</span> 
     </span>
     <span class='ocr_line' id='line_1_33' title="bbox 291 3156 2841 3248; baseline 0 -24"><span class='ocrx_word' id='word_1_279' title='bbox 291 3169 475 3224; x_wconf 88' lang='lat' dir='ltr'>runt.</span> <span class='ocrx_word' id='word_1_280' title='bbox 529 3161 607 3224; x_wconf 91' lang='lat' dir='ltr'>Et</span> <span class='ocrx_word' id='word_1_281' title='bbox 645 3157 827 3226; x_wconf 88' lang='lat' dir='ltr'>sicut</span> <span class='ocrx_word' id='word_1_282' title='bbox 888 3169 1044 3227; x_wconf 90' lang='lat' dir='ltr'>ante</span> <span class='ocrx_word' id='word_1_283' title='bbox 1092 3157 1616 3248; x_wconf 89' lang='lat' dir='ltr'>descripsimus,</span> <span class='ocrx_word' id='word_1_284' title='bbox 1685 3179 1892 3227; x_wconf 90' lang='lat' dir='ltr'>naves</span> <span class='ocrx_word' id='word_1_285' title='bbox 1949 3156 2523 3237; x_wconf 89' lang='lat' dir='ltr'>conscendentes,</span> <span class='ocrx_word' id='word_1_286' title='bbox 2578 3169 2841 3243; x_wconf 88' lang='lat' dir='ltr'>quanta</span> 
     </span>
     <span class='ocr_line' id='line_1_34' title="bbox 289 3244 2841 3337; baseline 0 -25"><span class='ocrx_word' id='word_1_287' title='bbox 289 3244 614 3313; x_wconf 75' lang='lat' dir='ltr'>instantia</span> <span class='ocrx_word' id='word_1_288' title='bbox 655 3257 983 3332; x_wconf 90' lang='lat' dir='ltr'>poterant,</span> <span class='ocrx_word' id='word_1_289' title='bbox 1042 3248 1364 3337; x_wconf 82' lang='lat' dir='ltr'>navigare</span> <span class='ocrx_word' id='word_1_290' title='bbox 1412 3259 1809 3336; x_wconf 87' lang='lat' dir='ltr'>coeperunt.</span> <span class='ocrx_word' id='word_1_291' title='bbox 1873 3250 2180 3332; x_wconf 84' lang='lat' dir='ltr'>Cumque</span> <span class='ocrx_word' id='word_1_292' title='bbox 2209 3246 2355 3336; x_wconf 86' lang='lat' dir='ltr'>jam</span> <span class='ocrx_word' id='word_1_293' title='bbox 2394 3245 2463 3314; x_wconf 91' lang='lat' dir='ltr'>in</span> <span class='ocrx_word' id='word_1_294' title='bbox 2515 3244 2644 3314; x_wconf 85' lang='lat' dir='ltr'>fari</span> <span class='ocrx_word' id='word_1_295' title='bbox 2696 3266 2841 3313; x_wconf 88' lang='lat' dir='ltr'>me-</span> 
     </span>
     <span class='ocr_line' id='line_1_35' title="bbox 287 3332 2842 3425; baseline 0.001 -25"><span class='ocrx_word' id='word_1_296' title='bbox 287 3332 403 3401; x_wconf 91' lang='lat' dir='ltr'>dio</span> <span class='ocrx_word' id='word_1_297' title='bbox 451 3348 699 3411; x_wconf 89' lang='lat' dir='ltr'>essent,</span> <span class='ocrx_word' id='word_1_298' title='bbox 756 3356 915 3403; x_wconf 89' lang='lat' dir='ltr'>nam</span> <span class='ocrx_word' id='word_1_299' title='bbox 950 3336 1241 3425; x_wconf 86' lang='lat' dir='ltr'>Regium</span> <span class='ocrx_word' id='word_1_300' title='bbox 1297 3335 1573 3406; x_wconf 90' lang='lat' dir='ltr'>tendere</span> <span class='ocrx_word' id='word_1_301' title='bbox 1629 3335 2137 3423; x_wconf 89' lang='lat' dir='ltr'>disposuerant,</span> <span class='ocrx_word' id='word_1_302' title='bbox 2193 3334 2421 3405; x_wconf 86' lang='lat' dir='ltr'>subito</span> <span class='ocrx_word' id='word_1_303' title='bbox 2473 3347 2842 3424; x_wconf 86' lang='lat' dir='ltr'>tempestas</span> 
     </span>
     <span class='ocr_line' id='line_1_36' title="bbox 290 3423 2842 3512; baseline 0 -21"><span class='ocrx_word' id='word_1_304' title='bbox 290 3443 542 3510; x_wconf 85' lang='lat' dir='ltr'>magna</span> <span class='ocrx_word' id='word_1_305' title='bbox 590 3435 817 3492; x_wconf 80' lang='lat' dir='ltr'>exorta</span> <span class='ocrx_word' id='word_1_306' title='bbox 851 3437 973 3503; x_wconf 90' lang='lat' dir='ltr'>est,</span> <span class='ocrx_word' id='word_1_307' title='bbox 1021 3425 1113 3493; x_wconf 90' lang='lat' dir='ltr'>ita</span> <span class='ocrx_word' id='word_1_308' title='bbox 1160 3439 1236 3494; x_wconf 90' lang='lat' dir='ltr'>ut</span> <span class='ocrx_word' id='word_1_309' title='bbox 1284 3447 1407 3495; x_wconf 88' lang='lat' dir='ltr'>nec</span> <span class='ocrx_word' id='word_1_310' title='bbox 1456 3437 1633 3494; x_wconf 91' lang='lat' dir='ltr'>retro</span> <span class='ocrx_word' id='word_1_311' title='bbox 1685 3446 1807 3494; x_wconf 90' lang='lat' dir='ltr'>nec</span> <span class='ocrx_word' id='word_1_312' title='bbox 1856 3436 2012 3493; x_wconf 88' lang='lat' dir='ltr'>ante</span> <span class='ocrx_word' id='word_1_313' title='bbox 2039 3424 2222 3493; x_wconf 88' lang='lat' dir='ltr'>ultra</span> <span class='ocrx_word' id='word_1_314' title='bbox 2273 3423 2637 3512; x_wconf 89' lang='lat' dir='ltr'>procedere</span> <span class='ocrx_word' id='word_1_315' title='bbox 2686 3445 2842 3512; x_wconf 87' lang='lat' dir='ltr'>pos-</span> 
     </span>
     <span class='ocr_line' id='line_1_37' title="bbox 290 3511 2839 3602; baseline 0.001 -23"><span class='ocrx_word' id='word_1_316' title='bbox 290 3523 462 3592; x_wconf 86' lang='lat' dir='ltr'>sent,</span> <span class='ocrx_word' id='word_1_317' title='bbox 503 3511 618 3580; x_wconf 91' lang='lat' dir='ltr'>sed</span> <span class='ocrx_word' id='word_1_318' title='bbox 670 3513 1208 3602; x_wconf 87' lang='lat' dir='ltr'>comprehensae</span> <span class='ocrx_word' id='word_1_319' title='bbox 1246 3537 1287 3583; x_wconf 89' lang='lat' dir='ltr'>a</span> <span class='ocrx_word' id='word_1_320' title='bbox 1333 3513 1777 3584; x_wconf 89' lang='lat' dir='ltr'>currentibus</span> <span class='ocrx_word' id='word_1_321' title='bbox 1826 3511 2034 3582; x_wconf 90' lang='lat' dir='ltr'>undis</span> <span class='ocrx_word' id='word_1_322' title='bbox 2076 3513 2145 3582; x_wconf 92' lang='lat' dir='ltr'>in</span> <span class='ocrx_word' id='word_1_323' title='bbox 2197 3512 2425 3582; x_wconf 91' lang='lat' dir='ltr'>medio</span> <span class='ocrx_word' id='word_1_324' title='bbox 2472 3511 2626 3592; x_wconf 85' lang='lat' dir='ltr'>fari,</span> <span class='ocrx_word' id='word_1_325' title='bbox 2648 3511 2839 3602; x_wconf 88' lang='lat' dir='ltr'>justo</span> 
     </span>
     <span class='ocr_line' id='line_1_38' title="bbox 290 3599 2840 3686; baseline 0.001 -19"><span class='ocrx_word' id='word_1_326' title='bbox 290 3600 403 3667; x_wconf 87' lang='lat' dir='ltr'>Dei</span> <span class='ocrx_word' id='word_1_327' title='bbox 449 3599 718 3686; x_wconf 84' lang='lat' dir='ltr'>judicio</span> <span class='ocrx_word' id='word_1_328' title='bbox 783 3613 1062 3672; x_wconf 89' lang='lat' dir='ltr'>centum</span> <span class='ocrx_word' id='word_1_329' title='bbox 1114 3625 1319 3673; x_wconf 85' lang='lat' dir='ltr'>naves</span> <span class='ocrx_word' id='word_1_330' title='bbox 1385 3601 1595 3672; x_wconf 88' lang='lat' dir='ltr'>simul</span> <span class='ocrx_word' id='word_1_331' title='bbox 1656 3623 1815 3670; x_wconf 90' lang='lat' dir='ltr'>cum</span> <span class='ocrx_word' id='word_1_332' title='bbox 1881 3603 2239 3672; x_wconf 88' lang='lat' dir='ltr'>Saracenis</span> <span class='ocrx_word' id='word_1_333' title='bbox 2289 3600 2630 3671; x_wconf 83' lang='lat' dir='ltr'>sexdecim</span> <span class='ocrx_word' id='word_1_334' title='bbox 2685 3600 2840 3670; x_wconf 90' lang='lat' dir='ltr'>mil-</span> 
     </span>
     <span class='ocr_line' id='line_1_39' title="bbox 290 3688 2392 3780; baseline 0 -24"><span class='ocrx_word' id='word_1_335' title='bbox 290 3688 475 3758; x_wconf 88' lang='lat' dir='ltr'>libus</span> <span class='ocrx_word' id='word_1_336' title='bbox 508 3688 925 3778; x_wconf 84' lang='lat' dir='ltr'>octingentis</span> <span class='ocrx_word' id='word_1_337' title='bbox 972 3691 1326 3760; x_wconf 88' lang='lat' dir='ltr'>demersae</span> <span class='ocrx_word' id='word_1_338' title='bbox 1363 3704 1526 3761; x_wconf 89' lang='lat' dir='ltr'>sunt</span> <span class='ocrx_word' id='word_1_339' title='bbox 1566 3691 1633 3760; x_wconf 92' lang='lat' dir='ltr'>in</span> <span class='ocrx_word' id='word_1_340' title='bbox 1685 3689 2108 3780; x_wconf 84' lang='lat' dir='ltr'>profundum</span> <span class='ocrx_word' id='word_1_341' title='bbox 2161 3690 2392 3760; x_wconf 90' lang='lat' dir='ltr'>maris.</span> 
     </span>
    </p>

    <p class='ocr_par' dir='ltr' id='par_1_6' title="bbox 273 3776 2846 4226">
     <span class='ocr_line' id='line_1_40' title="bbox 377 3776 2839 3882; baseline -0.001 -34"><span class='ocrx_word' id='word_1_342' title='bbox 377 3780 413 3864; x_wconf 65' lang='grc' dir='ltr'>ξ</span> <span class='ocrx_word' id='word_1_343' title='bbox 466 3781 624 3848; x_wconf 66' lang='lat'>88.</span> <span class='ocrx_word' id='word_1_344' title='bbox 680 3782 972 3867; x_wconf 86' lang='lat' dir='ltr'>Corpora</span> <span class='ocrx_word' id='word_1_345' title='bbox 1037 3802 1193 3849; x_wconf 87' lang='lat' dir='ltr'>vero</span> <span class='ocrx_word' id='word_1_346' title='bbox 1242 3793 1636 3850; x_wconf 90' lang='lat' dir='ltr'>sanctorum</span> <span class='ocrx_word' id='word_1_347' title='bbox 1704 3785 2079 3870; x_wconf 83' lang='lat' dir='ltr'>Martyrum</span> <span class='ocrx_word' id='word_1_348' title='bbox 2132 3778 2360 3848; x_wconf 88' lang='lat' dir='ltr'>adhuc</span> <span class='ocrx_word' id='word_1_349' title='bbox 2406 3777 2729 3882; x_wconf 71' lang='lat' dir='ltr'>‚jacebant</span> <span class='ocrx_word' id='word_1_350' title='bbox 2769 3776 2839 3845; x_wconf 92' lang='lat' dir='ltr'>in</span> 
     </span>
     <span class='ocr_line' id='line_1_41' title="bbox 273 3865 2845 3957; baseline 0 -23"><span class='ocrx_word' id='word_1_351' title='bbox 273 3865 508 3946; x_wconf 85' lang='lat' dir='ltr'>litore,</span> <span class='ocrx_word' id='word_1_352' title='bbox 567 3867 686 3936; x_wconf 89' lang='lat' dir='ltr'>ubi</span> <span class='ocrx_word' id='word_1_353' title='bbox 738 3866 931 3936; x_wconf 91' lang='lat' dir='ltr'>nulla</span> <span class='ocrx_word' id='word_1_354' title='bbox 972 3867 1137 3950; x_wconf 85' lang='lat' dir='ltr'>fera,</span> <span class='ocrx_word' id='word_1_355' title='bbox 1191 3884 1256 3939; x_wconf 91' lang='lat' dir='ltr'>et</span> <span class='ocrx_word' id='word_1_356' title='bbox 1305 3868 1500 3940; x_wconf 89' lang='lat' dir='ltr'>nulla</span> <span class='ocrx_word' id='word_1_357' title='bbox 1539 3868 1685 3938; x_wconf 81' lang='lat' dir='ltr'>avis</span> <span class='ocrx_word' id='word_1_358' title='bbox 1717 3890 1796 3937; x_wconf 91' lang='lat' dir='ltr'>ea</span> <span class='ocrx_word' id='word_1_359' title='bbox 1846 3869 2088 3957; x_wconf 83' lang='lat' dir='ltr'>tetigit,</span> <span class='ocrx_word' id='word_1_360' title='bbox 2132 3882 2198 3938; x_wconf 90' lang='lat' dir='ltr'>et</span> <span class='ocrx_word' id='word_1_361' title='bbox 2225 3889 2346 3957; x_wconf 90' lang='lat' dir='ltr'>pro</span> <span class='ocrx_word' id='word_1_362' title='bbox 2395 3869 2644 3936; x_wconf 73' lang='lat' dir='ltr'>foetore</span> <span class='ocrx_word' id='word_1_363' title='bbox 2684 3888 2845 3936; x_wconf 88' lang='lat' dir='ltr'>sua-</span> 
     </span>
     <span class='ocr_line' id='line_1_42' title="bbox 289 3954 2842 4042; baseline 0.002 -24"><span class='ocrx_word' id='word_1_364' title='bbox 289 3954 651 4026; x_wconf 85' lang='lat' dir='ltr'>vissimum</span> <span class='ocrx_word' id='word_1_365' title='bbox 712 3955 989 4025; x_wconf 85' lang='lat' dir='ltr'>odorem</span> <span class='ocrx_word' id='word_1_366' title='bbox 1057 3958 1496 4028; x_wconf 87' lang='lat' dir='ltr'>emanabant.</span> <span class='ocrx_word' id='word_1_367' title='bbox 1566 3957 1957 4029; x_wconf 85' lang='lat' dir='ltr'>Gordianus</span> <span class='ocrx_word' id='word_1_368' title='bbox 2018 3969 2298 4037; x_wconf 91' lang='lat' dir='ltr'>autem,</span> <span class='ocrx_word' id='word_1_369' title='bbox 2380 3955 2502 4042; x_wconf 89' lang='lat' dir='ltr'>qui</span> <span class='ocrx_word' id='word_1_370' title='bbox 2563 3955 2842 4027; x_wconf 86' lang='lat' dir='ltr'>beatum</span> 
     </span>
     <span class='ocr_line' id='line_1_43' title="bbox 290 4043 2845 4132; baseline 0.001 -21"><span class='ocrx_word' id='word_1_371' title='bbox 290 4043 644 4114; x_wconf 89' lang='lat' dir='ltr'>Placidum</span> <span class='ocrx_word' id='word_1_372' title='bbox 698 4067 736 4114; x_wconf 91' lang='lat' dir='ltr'>a</span> <span class='ocrx_word' id='word_1_373' title='bbox 786 4045 1174 4117; x_wconf 89' lang='lat' dir='ltr'>Cassinensi</span> <span class='ocrx_word' id='word_1_374' title='bbox 1237 4046 1569 4117; x_wconf 91' lang='lat' dir='ltr'>coenobio</span> <span class='ocrx_word' id='word_1_375' title='bbox 1616 4061 1896 4118; x_wconf 88' lang='lat' dir='ltr'>secutus</span> <span class='ocrx_word' id='word_1_376' title='bbox 1945 4046 2191 4127; x_wconf 86' lang='lat' dir='ltr'>fuerat,</span> <span class='ocrx_word' id='word_1_377' title='bbox 2244 4045 2540 4132; x_wconf 88' lang='lat' dir='ltr'>quique,</span> <span class='ocrx_word' id='word_1_378' title='bbox 2603 4058 2681 4115; x_wconf 93' lang='lat' dir='ltr'>ut</span> <span class='ocrx_word' id='word_1_379' title='bbox 2728 4067 2845 4114; x_wconf 89' lang='lat' dir='ltr'>su-</span> 
     </span>
     <span class='ocr_line' id='line_1_44' title="bbox 293 4133 2846 4226; baseline 0.001 -26"><span class='ocrx_word' id='word_1_380' title='bbox 293 4153 412 4219; x_wconf 90' lang='lat' dir='ltr'>pra</span> <span class='ocrx_word' id='word_1_381' title='bbox 461 4133 849 4214; x_wconf 89' lang='lat' dir='ltr'>retulimus,</span> <span class='ocrx_word' id='word_1_382' title='bbox 913 4146 1218 4225; x_wconf 90' lang='lat' dir='ltr'>tempore</span> <span class='ocrx_word' id='word_1_383' title='bbox 1264 4136 1607 4226; x_wconf 88' lang='lat' dir='ltr'>captionis</span> <span class='ocrx_word' id='word_1_384' title='bbox 1665 4136 1819 4224; x_wconf 85' lang='lat' dir='ltr'>ejus</span> <span class='ocrx_word' id='word_1_385' title='bbox 1867 4134 2142 4225; x_wconf 85' lang='lat' dir='ltr'>fugiens</span> <span class='ocrx_word' id='word_1_386' title='bbox 2204 4147 2553 4216; x_wconf 86' lang='lat' dir='ltr'>evaserat,</span> <span class='ocrx_word' id='word_1_387' title='bbox 2606 4133 2729 4222; x_wconf 88' lang='lat' dir='ltr'>qui</span> <span class='ocrx_word' id='word_1_388' title='bbox 2781 4145 2846 4203; x_wconf 90' lang='lat' dir='ltr'>et</span> 
     </span>
    </p>
   </div>
   <div class='ocr_carea' id='block_1_5' title="bbox 290 4328 2846 4490">
    <p class='ocr_par' dir='ltr' id='par_1_7' title="bbox 290 4328 2846 4490">
     <span class='ocr_line' id='line_1_45' title="bbox 342 4328 2845 4384; baseline 0 -15"><span class='ocrx_word' id='word_1_389' title='bbox 342 4328 368 4355; x_wconf 71' lang='grc'><em>*</em></span> <span class='ocrx_word' id='word_1_390' title='bbox 395 4328 646 4379; x_wconf 72' lang='lat' dir='ltr'>‘triplicem</span> <span class='ocrx_word' id='word_1_391' title='bbox 662 4332 843 4372; x_wconf 73' lang='lat' dir='ltr'>cladem</span> <span class='ocrx_word' id='word_1_392' title='bbox 861 4332 1200 4375; x_wconf 73' lang='lat' dir='ltr'>monasterium</span> <span class='ocrx_word' id='word_1_393' title='bbox 1214 4342 1409 4384; x_wconf 70' lang='lat' dir='ltr'>passum</span> <span class='ocrx_word' id='word_1_394' title='bbox 1424 4333 1622 4376; x_wconf 77' lang='lat' dir='ltr'>dicitur:</span> <span class='ocrx_word' id='word_1_395' title='bbox 1640 4332 1764 4373; x_wconf 71' lang='lat' dir='ltr'>hano</span> <span class='ocrx_word' id='word_1_396' title='bbox 1782 4328 2000 4380; x_wconf 77' lang='lat' dir='ltr'>primam.</span> <span class='ocrx_word' id='word_1_397' title='bbox 2018 4331 2273 4372; x_wconf 77' lang='lat' dir='ltr'>secundm</span> <span class='ocrx_word' id='word_1_398' title='bbox 2294 4340 2416 4370; x_wconf 80' lang='lat' dir='ltr'>anno</span> <span class='ocrx_word' id='word_1_399' title='bbox 2434 4332 2526 4377; x_wconf 76' lang='lat'>669.</span> <span class='ocrx_word' id='word_1_400' title='bbox 2545 4329 2735 4372; x_wconf 77' lang='lat' dir='ltr'>tertiam</span> <span class='ocrx_word' id='word_1_401' title='bbox 2755 4331 2845 4371; x_wconf 75' lang='lat' dir='ltr'>sub</span> 
     </span>
     <span class='ocr_line' id='line_1_46' title="bbox 292 4383 2846 4436; baseline 0.001 -16"><span class='ocrx_word' id='word_1_402' title='bbox 292 4390 464 4422; x_wconf 75' lang='lat' dir='ltr'>annum</span> <span class='ocrx_word' id='word_1_403' title='bbox 493 4386 583 4425; x_wconf 78' lang='lat'>880.</span> <span class='ocrx_word' id='word_1_404' title='bbox 614 4386 784 4425; x_wconf 78' lang='lat' dir='ltr'>Mirum</span> <span class='ocrx_word' id='word_1_405' title='bbox 805 4391 876 4426; x_wconf 74' lang='lat' dir='ltr'>est</span> <span class='ocrx_word' id='word_1_406' title='bbox 901 4387 1127 4436; x_wconf 80' lang='lat' dir='ltr'>templum</span> <span class='ocrx_word' id='word_1_407' title='bbox 1148 4383 1282 4433; x_wconf 85' lang='lat' dir='ltr'>illud,</span> <span class='ocrx_word' id='word_1_408' title='bbox 1300 4389 1354 4427; x_wconf 83' lang='lat' dir='ltr'>ut</span> <span class='ocrx_word' id='word_1_409' title='bbox 1373 4385 1695 4427; x_wconf 75' lang='lat' dir='ltr'>Bollandistae</span> <span class='ocrx_word' id='word_1_410' title='bbox 1716 4387 1895 4431; x_wconf 79' lang='lat' dir='ltr'>notant,</span> <span class='ocrx_word' id='word_1_411' title='bbox 1915 4395 2010 4427; x_wconf 84' lang='lat' dir='ltr'>non</span> <span class='ocrx_word' id='word_1_412' title='bbox 2029 4386 2167 4426; x_wconf 82' lang='lat' dir='ltr'>modo</span> <span class='ocrx_word' id='word_1_413' title='bbox 2187 4387 2295 4435; x_wconf 84' lang='lat' dir='ltr'>post</span> <span class='ocrx_word' id='word_1_414' title='bbox 2313 4385 2450 4431; x_wconf 76' lang='lat' dir='ltr'>hanc,</span> <span class='ocrx_word' id='word_1_415' title='bbox 2472 4385 2552 4424; x_wconf 79' lang='lat' dir='ltr'>sed</span> <span class='ocrx_word' id='word_1_416' title='bbox 2577 4387 2718 4425; x_wconf 78' lang='lat' dir='ltr'>etiam</span> <span class='ocrx_word' id='word_1_417' title='bbox 2739 4386 2846 4433; x_wconf 83' lang='lat' dir='ltr'>post</span> 
     </span>
     <span class='ocr_line' id='line_1_47' title="bbox 290 4434 1653 4490; baseline 0.005 -17"><span class='ocrx_word' id='word_1_418' title='bbox 290 4434 422 4475; x_wconf 74' lang='lat' dir='ltr'>binas</span> <span class='ocrx_word' id='word_1_419' title='bbox 445 4435 559 4477; x_wconf 66' lang='lat' dir='ltr'>aliae</span> <span class='ocrx_word' id='word_1_420' title='bbox 576 4438 881 4480; x_wconf 70' lang='lat' dir='ltr'>barbarorum</span> <span class='ocrx_word' id='word_1_421' title='bbox 901 4441 1206 4489; x_wconf 74' lang='lat' dir='ltr'>irruptiones,</span> <span class='ocrx_word' id='word_1_422' title='bbox 1224 4441 1468 4490; x_wconf 70' lang='lat' dir='ltr'>superstes</span> <span class='ocrx_word' id='word_1_423' title='bbox 1490 4438 1653 4480; x_wconf 69' lang='lat' dir='ltr'>fuisse.</span> 
     </span>
    </p>
   </div>
  </div>
 </body>
</html>
