3347 4999
718 302 844 366 704
1263 319 1341 364 1)ss
1388 319 1480 363 ss.
1533 317 1944 364 canvsmmo
1991 318 2067 362 ar
2115 318 2304 364 mum
2353 318 2543 364 nur.
2863 299 3044 364 OCT.
3095 300 3171 364 25

629 419 704 473 ut
768 401 938 472 mihi
997 401 1328 472 adversus
1384 402 1549 472 istas
1617 401 1798 470 feras
1843 401 2226 491 opituleris,
2280 414 2356 470 ut
2400 399 2998 502 quemadmodum
3034 423 3170 470 ser·

630 505 867 583 pentes
905 490 1261 560 dormiunt
1290 490 1374 559 ad
1421 512 1648 559 vocem
1684 490 2214 572 incantantium,
2269 491 2368 560 sic
2422 512 2637 580 ipsae,
2677 511 2784 559 me
2823 502 3164 577 precante,

624 581 997 660 dormiant,
1065 602 1151 648 ne
1213 580 1382 649 mihi
1457 577 1770 650 libidinis
1833 579 2090 649 bellum
2155 578 2405 648 inferre
2476 592 2759 667 queant.
2829 578 3166 662 Quoniam

625 690 928 761 agnosco
976 681 1037 738 te
1084 690 1318 737 verum
1374 673 1610 748 Deum,
1714 669 1784 737 ui
1827 668 2141 738 homines
2198 669 2266 737 in
2328 681 2390 737 te
2437 667 2793 737 credentes
2825 666 3163 748 defendis,

625 773 691 827 et
730 758 1050 827 invictam
1102 756 1244 826 illis
1282 758 1598 826 virtutem
1641 778 1680 826 e
1710 757 1983 846 argiris.
2024 779 2059 823 »
2097 761 2278 827 Haec
2327 756 2443 826 ille
2489 778 2649 826 cum
2686 755 2995 835 dixisset,
3036 769 3168 824 tam

626 847 888 938 ingenti
925 845 1221 936 virgines
1256 867 1498 915 somno
1540 858 1700 915 sunt
1747 866 2139 936 oppressae,
2178 858 2252 915 ut
2301 845 2436 915 nisi
2473 868 2552 914 ex
2589 845 2889 915 triclinio
2931 866 3170 934 expor-

629 949 958 1015 tarentur,
1011 935 1285 1004 excitari
1324 956 1456 1003 non
1513 948 1811 1023 possent.
1867 934 2055 1006 Foris
2104 933 2316 1025 igitur
2348 948 2681 1024 ceperunt
2727 934 2994 1003 cibum.
3053 938 3172 1001 Ve-

626 1047 807 1105 rum,
846 1046 1003 1093 cum
1059 1024 1126 1092 in
1178 1022 1432 1105 locum,
1496 1023 1618 1093 ubi
1677 1037 1822 1092 erat
1870 1023 2364 1112 Chrysanthus,
2419 1023 2882 1102 revertissent,
2940 1022 3168 1112 gravis

622 1135 743 1183 eas
791 1134 1066 1182 rursum
1104 1134 1393 1182 somnus
1440 1111 1843 1202 complexus
1875 1124 1997 1181 est.

720 1210 757 1283 ἓ
806 1207 899 1273 8.
944 1202 1324 1271 Nunciatur
1358 1201 1484 1270 hoc
1535 1201 1706 1290 patri
1749 1201 1837 1269 ab
1886 1201 1993 1280 iis,
2029 1200 2286 1287 quibus
2327 1199 2394 1269 id
2444 1212 2591 1270 erat
2636 1221 2888 1269 curae:
2929 1199 3055 1287 qui
3095 1198 3171 1267 fi-

626 1290 797 1360 lium
847 1289 1094 1378 coepit,
1150 1302 1226 1359 ut
1281 1303 1654 1369 mortuum,
1708 1288 2090 1378 deplorare.
2147 1287 2438 1372 Quidam
2506 1301 2734 1358 autem
2780 1311 2863 1358 ex
2928 1287 3172 1357 amicis

621 1380 814 1479 ejus:
868 1401 904 1444 «
939 1378 1297 1468 Magicam,
1344 1378 1590 1465 inquit,
1647 1392 1862 1448 artem
1898 1376 2142 1447 didicit
2189 1399 2229 1446 a
2260 1377 2690 1456 ChristianiS,
2728 1389 2794 1469 et
2833 1375 3171 1446 adversus

624 1466 1083 1557 simpliciores
1133 1465 1403 1556 puellas
1451 1466 1652 1536 facile
1705 1466 1804 1535 illi
1866 1465 2245 1557 procedunt
2285 1466 2813 1535 incantationes.
2870 1471 3172 1549 Quamo-

627 1556 815 1625 brem
868 1555 1206 1624 eruditam
1282 1554 1586 1641 aliquam
1656 1568 1721 1624 et
1791 1555 2196 1644 prudentem
2265 1553 2706 1633 introducito,
2759 1568 2827 1623 et
2874 1577 3038 1624 eum
3103 1554 3170 1622 in

626 1645 1033 1714 sententiam
1084 1666 1281 1713 suam
1335 1643 1653 1724 adducet,
1692 1658 1758 1713 et
1806 1643 2060 1713 alliciet
2108 1643 2191 1712 ad
2244 1643 2689 1733 voluptatem.
2729 1666 2765 1711 »
2801 1682 2891 1693 —
2942 1665 2982 1709 «
3020 1642 3174 1711 Ubi-

627 1755 817 1813 nam,
872 1732 1098 1821 inquit
1152 1732 1531 1813 PolemiuS,
1590 1732 1889 1821 puellam
1953 1731 2295 1821 ejusmodi
2370 1734 2817 1823 reperiemuS,
2871 1754 3060 1819 quae
3109 1729 3171 1799 id

627 1822 956 1913 perficere
992 1820 1257 1892 valeat?
1296 1843 1332 1888 »
1358 1860 1449 1872 —-
1480 1844 1517 1888 «
1548 1826 1660 1891 Est
1691 1822 1869 1890 inter
1901 1821 2203 1912 virgines
2237 1821 2577 1891 Minervae
2610 1843 2773 1902 una,
2821 1820 3177 1910 respondit

627 1911 897 1981 amicus
927 1911 1101 2000 ejus,
1154 1909 1620 1992 ornatissima,
1672 1932 1851 1997 quae
1885 1909 2077 1980 vultu
2126 1924 2228 1979 est
2276 1909 2655 1980 admodum
2707 1922 3023 1988 venusto,
3072 1909 3168 1977 in-

624 2000 814 2091 genii
863 1999 1209 2080 acumine,
1261 2013 1327 2069 et
1377 1998 1742 2089 prudentia
1790 2011 1995 2087 atque
2041 1997 2434 2087 eloquentia
2489 1998 2854 2088 singulari,
2921 2011 2992 2067 et
3029 1998 3172 2087 jam

628 2088 896 2159 nubilis
933 2099 1171 2157 aetate.
1223 2091 1744 2158 Antevertamus
1784 2088 2020 2178 igitur,
2071 2099 2138 2157 et
2181 2101 2495 2177 petamus
2527 2109 2706 2168 eam,
2745 2086 3175 2156 indicemus-

624 2199 762 2264 que
824 2175 952 2258 illi,
1005 2176 1351 2263 quomodo
1411 2199 1559 2246 sese
1624 2177 1871 2246 habeat
1918 2175 2342 2258 adolescens,
2395 2189 2472 2245 ut
2526 2197 2686 2245 eum
2723 2177 2810 2245 ab
2860 2175 3176 2245 instituto

632 2278 1000 2346 removeat,
1032 2278 1237 2353 atque
1268 2265 1403 2354 ipsi
1436 2265 1926 2354 conjungatur.
1966 2288 2002 2332 »
2038 2265 2499 2335 Perficiuntur
2547 2264 2739 2345 haec,
2775 2277 2987 2352 atque
3030 2264 3172 2353 ipsa

632 2353 976 2422 Minervae
1024 2353 1239 2444 virgo,
1297 2356 1498 2423 Darla
1562 2355 1879 2435 nomine,
1953 2354 2431 2443 componitur:
2483 2374 2661 2440 quae
2709 2368 2893 2421 veste
2941 2351 3171 2442 splen·

624 2441 816 2524 dida,
869 2457 1073 2531 atque
1120 2453 1366 2512 ornatu
1417 2442 1712 2533 pretioso
1763 2441 1857 2511 sul
1914 2463 2076 2524 ens,
2133 2441 2216 2512 ad
2276 2440 2780 2532 chrysanthum
2845 2440 3173 2511 audacter

628 2531 1040 2622 ingreditur,
1093 2530 1507 2618 blandisque
1568 2532 1874 2601 sermoni
1929 2553 2048 2612 uS,
2103 2544 2168 2601 et
2216 2530 2406 2601 dulci
2464 2543 2666 2617 atque
2725 2543 2974 2600 ornata
3020 2551 3170 2600 ora-

630 2620 812 2691 tione
860 2632 1149 2690 conatur
1195 2618 1693 2690 adolescentem
1738 2643 1780 2689 a
1821 2641 1941 2710 pro
1995 2619 2168 2690 osito
2233 2641 2598 2689 removere.
2644 2624 2893 2688 Verum
2961 2620 3167 2705 Chry-

625 2711 941 2787 santhus,
999 2708 1110 2778 Dei
1166 2708 1506 2798 praesidio
1549 2709 1885 2790 munitus,
1976 2708 2182 2778 iaboli
2201 2708 2439 2799 jacula
2473 2707 2628 2777 fidei
2681 2720 2878 2777 scuto
2913 2707 3169 2796 rejecit,

625 2810 693 2867 et
741 2799 1073 2887 Spiritum
1127 2802 1451 2868 Sanctum
1503 2797 1856 2879 invocanS,
1912 2797 2013 2866 sic
2061 2819 2210 2866 eam
2261 2810 2363 2867 est
2409 2795 2794 2867 allocutus:

718 2889 755 2974 ξ
800 2891 879 2958 2.
932 2910 968 2954 «
1022 2886 1091 2955 Si
1141 2886 1594 2977 temporariae
1640 2885 2153 2976 conjunctionis
2192 2889 2428 2965 causa,
2462 2907 2512 2959 o,
2551 2886 2741 2976 virgo
2792 2884 3170 2974 praeclara,

628 2988 765 3045 tam
815 2974 1196 3067 elegantem
1248 2987 1571 3045 ornatum
1621 2987 1687 3044 et
1735 2988 1871 3044 tam
1923 2974 2199 3044 dulcem
2257 2974 2587 3043 orationis
2634 2996 2714 3044 co
2770 2974 2908 3044 iam
2980 2974 3174 3044 adhi-

626 3064 867 3144 buisti,
920 3077 995 3134 ut
1045 3085 1153 3133 me
1192 3063 1541 3133 hominem
1590 3061 1973 3146 mortalem,
2014 3062 2299 3132 alterius
2349 3084 2583 3132 amore
2630 3063 2699 3131 in
2760 3078 3170 3143 ammatum,

622 3155 715 3223 ab
767 3153 983 3222 animi
1057 3151 1403 3243 proposito
1475 3151 1903 3232 abduceres,
1961 3163 2026 3220 et
2078 3164 2372 3221 mentem
2443 3173 2660 3220 meam
2714 3151 3171 3221 immutares:

625 3254 885 3328 quanto
937 3241 1156 3331 magis
1204 3241 1412 3310 debes
1444 3262 1724 3326 operam
1775 3240 1963 3320 dare,
2023 3251 2098 3310 ut
2161 3239 2572 3309 immortalis
2631 3240 2835 3330 Regis
2888 3239 3019 3310 filii
3067 3240 3175 3308 Dei

629 3330 753 3399 tibi
801 3351 1104 3398 amorem
1142 3329 1517 3399 concilies?
1567 3329 1748 3416 quod
1800 3329 2082 3416 quidem
2134 3329 2193 3397 si
2243 3328 2567 3409 volueris,
2622 3350 2755 3398 non
2809 3329 2947 3397 erit
2996 3326 3171 3398 diffi-

623 3418 781 3487 cile.
824 3423 988 3487 Nam
1042 3418 1099 3486 si
1148 3418 1453 3486 animam
1491 3418 1704 3488 simul
1751 3441 1911 3487 cum
1960 3438 2271 3506 corpore,
2330 3415 2689 3498 mundam,
2743 3429 2808 3486 et
2857 3417 2948 3486 ab
2985 3414 3168 3487 omni

629 3504 901 3576 macula
967 3528 1213 3596 puram
1270 3507 1752 3597 integramque
1819 3506 2151 3587 servariS,
2225 3518 2290 3574 et
2349 3528 2468 3575 cor
2542 3518 2738 3575 tuum
2806 3528 3032 3593 aeque
3106 3525 3178 3575 ac

627 3617 914 3685 corpus,
967 3595 1359 3680 exornari53
1410 3608 1476 3664 et
1521 3595 2112 3683 quemadmodum
2177 3594 2603 3664 extrinsecus
2669 3593 3026 3683 splendes,
3087 3593 3182 3664 sic

626 3706 849 3753 mores
914 3696 1067 3753 tuos
1116 3683 1532 3754 intrinsecus
1580 3684 2080 3785 composueris,
2124 3682 2361 3774 Angeli
2412 3683 2738 3753 favebunt
2785 3682 2954 3761 tibi;
3009 3687 3182 3773 Apo·

622 3774 777 3845 stoli
814 3785 880 3843 et
927 3778 1254 3861 Martyres
1301 3785 1503 3843 erunt
1554 3773 1803 3855 amici;
1857 3787 1922 3842 et
1967 3794 2246 3862 operam
2297 3772 2585 3852 dabunt,
2648 3785 2724 3841 ut
2785 3771 2937 3860 ipse
2978 3771 3183 3841 Chri·

624 3876 774 3935 stus
844 3863 931 3931 sit
997 3884 1296 3951 sponsus
1355 3874 1556 3939 tuus,
1608 3860 1732 3948 qui
1801 3861 2178 3931 thalamum
2251 3861 2371 3931 tibi
2441 3862 2866 3949 incorruptis
2926 3859 3185 3951 lapidi-

625 3953 756 4022 bus
803 3965 867 4022 et
930 3949 1322 4041 margaritis
1373 3963 1724 4022 construet
1786 3951 1853 4019 in
1924 3950 2136 4031 coelo,
2191 3949 2519 4035 dabitque
2590 3947 2878 4020 delicias
2928 3950 3006 4018 in
3061 3971 3188 4038 pa-

624 4040 850 4110 radiso
923 4053 1328 4130 perpetuaS,
1395 4051 1461 4109 et
1516 4040 1900 4128 ‚juventutis
1962 4040 2199 4109 florem
2265 4039 2596 4129 largietur
2660 4038 3186 4117 immortalem,

625 4128 1139 4217 inscribentque
1209 4128 1433 4199 dotem
1500 4128 1570 4197 in
1643 4128 1821 4199 libro
1892 4128 2068 4198 vitae
2143 4129 2625 4217 sempiternae.
2694 4150 2730 4195 »
2795 4129 2918 4197 His
2976 4129 3194 4197 Darla

626 4218 851 4286 verbis
909 4229 1283 4288 commota:
1340 4240 1376 4285 «
1427 4217 1625 4287 Nulla
1685 4240 1817 4299 me,
1892 4217 2149 4305 inquit,
2203 4217 2462 4287 amoris
2511 4239 2723 4288 causa
2769 4216 2902 4286 hoc
2965 4215 3191 4287 modo

627 4320 940 4375 ornatam
1004 4307 1141 4377 huc
1200 4306 1528 4389 adduxit,
1597 4306 1715 4377 sed
1782 4306 1995 4397 patris
2059 4306 2159 4375 tui
2223 4304 2553 4395 lacrymis
2619 4304 2928 4394 impulsa
2997 4306 3196 4385 veni,

630 4407 709 4464 ut
771 4408 832 4464 te
883 4396 1146 4485 parenti
1196 4397 1650 4479 restituerem,
1716 4408 1782 4467 et
1836 4395 1924 4465 ad
1992 4394 2277 4465 deorum
2345 4393 2611 4464 cultum
2666 4414 3097 4465 revocarem.
3166 4417 3204 4462 ι»
