3347 4999
210 341 381 408 OCT.
437 342 522 406 28
1084 359 1161 404 nn
1210 357 1264 403 s.
1317 355 1628 404 ranam-10
1677 357 1869 403 nitar.
1991 383 1999 392 ·
2528 344 2655 408 739

213 443 520 523 debetur,
547 442 872 512 caruisse.
898 441 1020 512 Sed
1051 464 1128 511 ex
1160 440 1786 511 innumerabilibus
1816 439 1984 511 forte
2025 441 2363 513 bellorum
2386 443 2737 527 cladibus),

213 554 388 620 quae
419 531 708 602 Galliam
769 530 1342 616 Germaniamque
1391 541 1848 612 vastaverunt,
1911 552 2068 599 cum
2125 534 2535 621 Moguntiae,
2591 545 2735 603 tum

213 621 674 711 plurimarum
725 619 1031 699 urbium,
1086 640 1262 706 quae
1296 639 1431 687 non
1480 631 1732 700 extant,
1774 618 2194 688 monimenta
2247 621 2617 710 perierunt.
2657 627 2736 691 In

211 709 561 780 chronicis
595 710 821 796 itaque
868 707 1212 777 curiosius
1246 706 1591 794 requisitis
1642 706 2032 777 invenimus
2062 707 2403 790 Archadii,
2462 710 2743 780 Honorii

211 797 706 885 Theodosiique
725 797 1027 886 junioris
1059 796 1507 886 temporibuS‚
1544 795 1676 866 sub
1710 795 2219 878 Pharamundo,
2261 797 2511 880 clodio,
2545 804 2743 869 Mero·

213 908 466 974 veoque
515 891 931 956 Francorum
984 884 1309 975 Regibus,
1364 884 1695 953 Romanis
1732 883 1962 954 adhuc
2002 885 2528 976 imperantibuS,
2588 886 2741 957 Gal-

212 976 342 1045 lias
391 998 430 1045 a
479 974 768 1045 diversis
801 973 1066 1043 attritas
1101 973 1446 1064 gentibus,
1500 973 1706 1042 urbes
1762 971 2130 1044 solotenus
2179 973 2466 1057 dirutas,
2495 975 2743 1047 incolis

213 1063 593 1154 captivatis,
640 1061 837 1131 villas
883 1075 1199 1131 exustas:
1252 1061 1371 1131 ubi
1421 1083 1579 1131 cum
1631 1060 2041 1151 supellectili
2095 1063 2379 1150 reliqua,
2442 1063 2745 1135 liberalis

210 1153 441 1234 etiam,
495 1152 552 1223 si
600 1173 737 1238 qua
815 1149 1057 1232 fuerat,
1115 1161 1373 1239 poterat
1446 1149 1705 1219 aboleri
1752 1149 2144 1241 disciplina.
2224 1152 2414 1222 Unde
2491 1175 2573 1222 ne
2623 1174 2748 1243 pro

211 1241 416 1311 certis
463 1241 721 1310 incerta
791 1239 1116 1329 probasse
1182 1238 1569 1321 videamur,
1623 1239 1804 1325 quod
1880 1239 2217 1310 habemus
2286 1242 2356 1309 in
2422 1254 2745 1332 promptu

211 1350 608 1416 sequamur,
668 1327 1237 1419 magnaliumque
1291 1328 1401 1396 Dei
1459 1327 1850 1397 laudatores
1911 1329 2160 1418 potius,
2214 1351 2420 1417 quam
2458 1330 2746 1418 judicio-

212 1441 366 1488 rum
423 1417 579 1506 ejus
621 1415 1424 1506 incomprehensibilium
1495 1430 1932 1498 scrutatoreS,
1986 1417 2442 1487 inveniamur.
2500 1423 2746 1508 Propo-

211 1507 483 1577 suimus
536 1522 762 1575 autem
817 1505 943 1575 hoc
992 1526 1305 1574 sermone
1352 1504 1436 1573 ad
1489 1505 1821 1596 gaudium
1896 1505 2252 1596 spirituale
2305 1521 2563 1577 mentes
2623 1530 2746 1578 au-

211 1595 546 1665 dientium
606 1616 1010 1685 provocare,
1074 1615 1212 1681 quo
1264 1592 1420 1682 plus
1470 1616 1591 1684 per
1636 1593 2037 1663 charitatem
2102 1592 2603 1677 aedificantem,
2657 1595 2743 1666 ad

218 1689 622 1754 Sanctorum
652 1684 1038 1752 societatem
1076 1681 1543 1773 proficiamus,
1578 1703 1786 1770 quam
1822 1704 1942 1772 per
1969 1683 2323 1753 scientiam
2358 1685 2740 1764 inflantem,

212 1773 299 1842 ab
351 1771 599 1841 interni
640 1771 879 1873 gaudii
927 1770 1374 1840 delectatione
1436 1771 1867 1842 deficiamus.
1924 1771 2046 1840 Sed
2111 1772 2399 1841 humani
2464 1774 2747 1844 tarditas

216 1862 503 1952 ingenii,
557 1882 722 1947 qula
769 1861 877 1929 vix
912 1859 994 1928 ad
1049 1859 1613 1929 intellectualium
1656 1861 2157 1950 perceptionem
2201 1873 2415 1950 potest
2462 1860 2740 1941 adduci,

216 1950 352 2018 nisi
401 1948 630 2020 cordis
686 1949 956 2017 interna
1023 1948 1213 2037 prius
1271 1948 1660 2037 cognitione
1733 1962 2102 2033 pascantur
2148 1950 2501 2029 exteriori,
2548 1950 2745 2037 juxta

210 2037 395 2124 quod
431 2037 792 2128 Apostolus
823 2038 957 2105 ait:
993 2042 1136 2106 Non
1165 2039 1358 2127 prius
1390 2036 1567 2126 quod
1595 2039 1982 2191 gpirituale,
2038 2037 2155 2106 sed
2191 2039 2369 2128 quod
2420 2041 2740 2120 animale,

211 2128 447 2196 deinde
494 2126 671 2218 quod
698 2128 1059 2216 spirituale
1093 2126 1152 2214 (l
1175 2180 1188 2194 .
1229 2129 1370 2195 Cor.
1410 2125 1542 2213 xv);
1648 2125 1909 2194 icemus
1941 2126 2323 2195 secundum
2373 2128 2554 2215 quod
2594 2149 2745 2218 per-

213 2216 552 2305 cepimus,
609 2235 741 2282 non
793 2214 1075 2301 quidem
1141 2213 1528 2282 narratione
1580 2211 1785 2300 plena
1834 2213 2147 2303 Martyris
2201 2215 2410 2317 hujus
2459 2217 2745 2288 sanctis-

211 2304 371 2371 simi
405 2303 805 2383 certamina,
861 2301 976 2370 sed
1022 2301 1418 2370 summatim
1473 2302 2007 2391 perstringentes
2056 2303 2453 2373 novisslma.

299 2393 530 2486 §jz
584 2395 675 2458 Ex
710 2389 950 2459 litteris
985 2391 1210 2477 itaque
1246 2389 1598 2469 mausolei,
1634 2411 1772 2476 quo
1806 2390 2268 2460 sacratissima
2306 2391 2745 2480 medelaeque

213 2478 354 2548 scia
392 2478 426 2513 ⁴⁸
466 2477 935 2549 reconduntur
992 2498 1170 2558 ossa,
1240 2479 1340 2547 vir
1401 2478 1527 2549 iste
1588 2479 1827 2549 beatus
1874 2480 2313 2572 cognoscitur
2360 2482 2746 2573 Moguntiae

211 2567 633 2646 demoratus,
686 2588 1052 2654 amoreque
1095 2567 1328 2637 divino
1378 2567 1736 2658 cingulum
1803 2569 2096 2639 militare
2152 2569 2457 2652 solvisse,
2512 2569 2746 2639 altari-

209 2657 482 2743 busque
530 2656 768 2737 sacris‚
824 2656 1086 2726 Christo
1132 2655 1456 2747 deinceps
1504 2656 1832 2738 victuruS,
1887 2680 2080 2727 arma
2129 2658 2501 2728 devovisse.
2541 2659 2739 2740 Hinc,

208 2745 409 2815 urbis
509 2744 841 2815 raefectus
888 2745 991 2814 ira
1037 2759 1461 2825 commotus,
1515 2745 1851 2815 incertum
1903 2746 2330 2818 Christianus
2378 2769 2463 2816 an
2517 2746 2743 2816 ethni-

208 2856 357 2914 cuS,
403 2767 582 2903 uftra
632 2834 946 2904 Rhenum
998 2833 1274 2903 castello
1310 2838 1633 2904 Sanctum
1685 2834 2198 2923 transmigravit
2229 2835 2489 2915 exsilio,
2538 2835 2746 2906 ferro-

207 2943 344 3009 que
383 2923 683 2993 vinctum
713 2923 968 2992 carceri
1006 2923 1419 3014 mancipavit
1453 2922 1825 2992 tenebroso.
1869 2922 2147 2992 Diutina
2172 2945 2329 2993 vero
2359 2936 2743 2996 maceratus

209 3011 465 3090 inedia,
524 3034 640 3101 per
689 3034 801 3082 sex
852 3033 1120 3081 menses
1167 3011 1499 3081 beneficia
1548 3032 1683 3080 non
1720 3010 2197 3111 experiebatur
2236 3011 2567 3082 humana:
2625 3013 2743 3084 sed

209 3099 470 3169 carnali
522 3100 889 3171 destitutus
928 3100 1307 3189 juvamine,
1364 3096 1707 3189 spirituali
1755 3098 2086 3168 divinitus
2127 3099 2464 3171 solamine
2508 3100 2746 3171 fulcie-

209 3190 435 3257 batur.
496 3190 669 3259 Hinc
719 3189 946 3275 itaque
998 3188 1321 3279 poculum
1378 3186 1717 3278 passionis
1773 3209 2088 3257 amarum
2161 3210 2290 3259 non
2334 3190 2736 3260 exhorruit:

210 3299 498 3346 securus
546 3290 772 3346 autem
824 3278 1107 3346 calicem
1154 3277 1387 3345 mortis
1434 3274 1771 3357 exhausit,
1802 3298 2004 3363 quem
2050 3275 2244 3366 prius
2279 3300 2397 3365 pro
2437 3279 2743 3369 exemplo

210 3386 532 3434 summus
565 3366 736 3434 bibit
772 3365 1108 3443 medicus,
1166 3386 1248 3433 ne
1299 3362 1612 3434 lethalem
1648 3385 1834 3445 eum,
1883 3364 1999 3434 sed
2039 3364 2540 3449 medicinalem,
2595 3390 2742 3438 cre-

208 3451 398 3520 deret
427 3466 769 3542 aegrotus
824 3458 1141 3532 SecuruS,
1179 3453 1487 3540 inquam,
1524 3452 1765 3521 mortis
1802 3454 2211 3523 exhauserat
2239 3455 2546 3537 calicem,
2577 3456 2743 3544 quia

208 3562 333 3631 per
365 3541 541 3609 hanc
579 3542 1107 3610 amaritudinem
1150 3540 1235 3609 ad
1286 3540 1855 3611 inaestimabilem
1909 3564 1979 3613 se
2042 3557 2526 3633 perventurum
2585 3567 2739 3635 spe-

209 3629 382 3698 ravit
432 3628 893 3699 dulcedinem.
955 3635 1210 3700 Poenas
1260 3629 1469 3719 igitur
1521 3628 1781 3699 fortiter
1826 3630 1895 3665 *¹*
1941 3653 2249 3712 currenS,
2288 3632 2571 3702 calicem
2612 3638 2741 3702 Do-

207 3718 379 3787 mini
414 3717 632 3787 laetus
666 3718 861 3798 bibit,
893 3718 1128 3804 sicque
1159 3739 1391 3789 mense
1424 3719 1716 3810 septimo
1736 3717 1893 3788 felix
1920 3720 1987 3787 in
2026 3721 2309 3791 Domino
2330 3721 2737 3808 quievitm.

203 3806 451 3877 Pulore
503 3828 653 3876 vero
699 3807 843 3895 qui,
901 3806 1305 3897 posthabitis
1360 3806 1649 3878 actualis
1686 3808 1857 3877 vitae
1905 3807 2283 3890 laboribuS,
2330 3814 2461 3880 Deo
2497 3830 2739 3879 vacare

204 3896 614 3983 disponebat
663 3896 730 3964 in
781 3894 1498 3983 contemplationibus,
1551 3895 2066 3985 impedimentis
2095 3898 2473 3968 absolvitur
2525 3921 2742 3990 popu-

204 3984 490 4065 laribuS,
545 3984 692 4054 loco
741 3984 1095 4054 munitiori
1135 3995 1336 4071 atque
1374 3985 1719 4054 secretiori
1768 3983 2173 4067 destinatur,
2205 3986 2500 4058 vinculis
2538 4010 2737 4058 amo-

207 4073 302 4144 ris
350 4074 595 4145 Christi
644 4073 1162 4174 constringitur,
1217 4073 1515 4142 tenebris
1550 4072 1941 4143 mundanae
1991 4075 2209 4144 noctis
2257 4075 2629 4158 addicitur,
2663 4090 2743 4146 ut

206 4160 471 4233 lumine
528 4163 666 4233 veri
739 4162 902 4234 solis
978 4161 1398 4232 mdeficienti
1449 4162 1789 4253 potiatur:
1844 4162 2218 4233 materialis
2285 4162 2464 4235 same
2538 4167 2741 4255 panis

259 4359 284 4385 ²⁸·
314 4358 553 4406 Videucet„
572 4369 680 4401 ossa
700 4369 822 4409 quae
841 4360 1087 4400 scientiam
1105 4362 1246 4409 utque
1265 4358 1492 4401 virtutem
1512 4355 1774 4399 medicandi
1794 4360 2052 4409 possident.

261 4412 317 4439 *¹⁸
344 4412 482 4453 Forte
503 4414 754 4463 legendum
775 4413 869 4455 est:
878 4415 1047 4463 serens.

258 4466 341 4493 *¹³³⁸
371 4467 470 4515 Quo
488 4477 610 4508 anno
629 4468 673 4509 S.
691 4468 935 4510 Fet-tutius
956 4477 982 4509 e
999 4466 1099 4509 vita
1116 4465 1400 4512 discesserit,
1421 4461 1538 4506 mihi
1562 4473 1655 4506 non
1673 4467 1748 4506 eat
1766 4466 2070 4515 compertum.
