3347 4999
247 303 423 370 OCT.
477 304 517 366 8
1115 320 1193 366 nn
1242 320 1297 366 s,
1352 317 1617 367 remam
1667 318 1911 366 ronmr.
2578 305 2705 368 259

248 405 344 475 Ad
385 405 553 473 haec
596 415 878 474 sanctus
911 409 1197 474 Nonnus
1230 405 1322 473 ita
1350 403 1742 493 rescripsit:
1780 427 1816 470 «
1844 408 2332 491 Quaecumque
2365 405 2635 475 tandem
2671 406 2788 486 siS,

251 491 620 564 manifesta
670 514 743 561 es
794 497 948 575 Deo,
988 515 1111 561 nec
1162 491 1323 562 latet
1368 514 1524 561 eum
1578 491 1948 562 consilium
1999 505 2064 562 et
2113 493 2430 563 voluntas
2482 508 2619 564 tua.
2681 499 2797 563 In·-

249 584 450 653 terim
484 594 705 650 tamen
744 581 921 663 vide,
958 603 1043 650 ne
1081 594 1338 658 tentare
1369 603 1538 650 ausa
1576 583 1671 651 sis
1706 580 2166 650 humilitatem
2203 603 2450 661 meam,
2482 584 2604 669 qui
2634 605 2792 652 sum

250 671 461 742 homo
508 682 847 759 peccator,
886 692 1124 740 servus
1159 670 1653 759 omnipotentis
1704 670 1842 738 Dei.
1882 668 2070 751 Quod
2130 669 2189 738 si
2232 690 2463 738 revera
2505 684 2683 740 tenet
2732 685 2795 742 te

251 758 671 830 desiderium
724 759 1159 850 pertingendi
1203 759 1286 828 ad
1340 758 1553 846 hujus
1604 759 1720 827 Dei
1772 757 2085 828 virtutem
2138 770 2202 826 et
2260 757 2493 839 fldem,
2549 781 2795 846 meque

250 848 483 917 videre
516 848 639 928 vis,
693 860 855 916 sunt
905 870 1172 916 mecum
1225 847 1345 916 alii
1394 847 1738 937 Episcopi,
1792 847 2050 933 quibus
2094 846 2597 936 praesentibus,
2654 869 2791 916 non

249 937 620 1028 negabitur
660 936 781 1004 tibi
816 938 1010 1026 copia
1059 958 1164 1005 me
1203 936 1516 1005 videndi:
1564 936 1681 1006 sed
1717 935 1859 1004 sola
1900 934 2196 1025 profecto
2231 957 2361 1003 non
2407 935 2794 1005 admitteris

251 1027 338 1097 ad
391 1037 835 1114 conspectum
894 1047 1211 1094 meum.»
1263 1031 1440 1094 Haec
1475 1047 1632 1095 cum
1687 1024 1806 1092 illa
1857 1023 2153 1114 legisset,
2210 1045 2459 1114 magna
2518 1024 2795 1113 perfusa

252 1114 473 1185 animi
527 1113 964 1196 exultatione,
1006 1136 1217 1183 cursu
1270 1114 1622 1184 contendit
1684 1113 1766 1181 ad
1829 1112 2186 1183 basilicam
2243 1113 2421 1181 beati
2472 1113 2795 1203 martyris

250 1201 540 1283 Juliani,
589 1202 1055 1290 indicavitque
1094 1225 1166 1271 se
1230 1225 1309 1272 eo
1360 1202 1744 1271 advenisse.
1807 1202 1883 1271 ld
1948 1203 2068 1272 ubi
2120 1200 2455 1291 comperit
2509 1216 2794 1272 sanctus

251 1294 622 1383 epi'scopus
661 1295 989 1371 Nonnus,
1047 1293 1308 1361 vocavit
1354 1290 1436 1360 ad
1492 1314 1563 1360 se
1611 1290 1784 1360 alios
1824 1291 2194 1381 Episcopos
2238 1311 2517 1369 omnes,
2563 1313 2642 1359 ac
2675 1290 2789 1359 de·

250 1381 416 1450 inde
451 1380 665 1467 jussit
724 1401 871 1447 eam
925 1380 1008 1448 ad
1047 1404 1116 1449 se
1147 1380 1493 1450 accedere.
1531 1380 1725 1450 Venit
1753 1379 1893 1460 illa,
1927 1380 2048 1449 ubi
2084 1378 2412 1447 sedebant
2444 1379 2787 1467 Episcopi,

253 1491 542 1556 seseque
591 1469 658 1536 in
714 1469 1183 1558 pavimentum
1251 1491 1464 1559 prono
1536 1469 1734 1539 vultu
1795 1481 2269 1559 prosternens,
2337 1467 2796 1557 apprehendit

253 1558 465 1650 pedes
499 1557 681 1626 beati
726 1559 980 1637 Nonni,
1020 1558 1248 1644 aitque
1280 1558 1365 1627 ad
1400 1580 1597 1627 eum:
1636 1582 1671 1624 «
1704 1563 1890 1647 Rogo
1927 1571 2010 1637 te,
2053 1557 2147 1626 mi
2182 1556 2482 1636 domine,
2525 1556 2793 1626 imitare

251 1648 660 1736 magistrum
717 1659 910 1715 tuum
980 1647 1342 1716 Dominum
1405 1652 1641 1716 ‚lesum
1701 1647 2081 1727 Christum,
2118 1659 2181 1714 et
2222 1645 2575 1735 impertire
2616 1645 2789 1714 mihi

249 1734 780 1816 humanitatem,
833 1757 1073 1821 meque
1116 1735 1568 1804 Christianam
1605 1734 1822 1804 effice.
1869 1740 2004 1823 Ego
2051 1734 2235 1803 enim
2295 1756 2448 1804 sum
2504 1734 2791 1824 pelagus

250 1827 340 1895 fla
398 1825 698 1903 itiorum,
737 1835 803 1892 et
849 1824 1188 1911 quaedam
1232 1824 1614 1911 iniquitatis
1645 1824 1962 1914 abyssus.
2009 1829 2166 1892 Peto
2198 1836 2423 1891 autem
2470 1835 2787 1892 sanctum

251 1848 423 1984 miii
462 1911 752 1981 conferri
803 1911 1168 2002 baptisma.
1204 1935 1241 1979 »
1284 1917 1588 2000 Cumque
1625 1914 1730 1981 vix
1781 1912 1843 1981 ei
1889 1911 2343 2002 persuasisset
2376 1911 2781 2000 EpiscopuS‚

254 2016 330 2073 ut
379 2025 416 2070 a
460 2000 752 2091 pedihus
785 2000 935 2088 ejus
968 2015 1300 2091 surgeret,
1355 2002 1452 2072 sic
1503 2001 1601 2070 illi
1640 2001 1914 2071 locutus
1945 2014 2086 2070 est:
2126 2024 2161 2066 «
2197 1999 2383 2068 Sacri
2418 2000 2788 2089 Episcopo-

252 2113 407 2161 rum
445 2096 751 2160 Canones
785 2103 1005 2160 vetant
1035 2090 1365 2179 baptizari
1403 2092 1856 2171 meretricem,
1892 2090 2023 2158 nisi
2058 2089 2502 2175 fidejussores
2532 2090 2566 2123 *
2594 2088 2792 2157 adhi-

249 2181 431 2259 beat,
469 2179 584 2266 qui
619 2178 826 2247 fidem
863 2178 1026 2248 dent
1063 2201 1213 2248 eam
1252 2202 1382 2249 non
1423 2179 1795 2248 redituram
1830 2178 1913 2247 ad
1955 2191 2306 2248 anteactae
2349 2177 2520 2246 vitae
2571 2178 2787 2266 turpi-

253 2268 587 2338 tudinem.
620 2290 655 2333 »
688 2272 828 2336 Hac
862 2269 1181 2358 Episcopi
1223 2269 1558 2337 sententia
1607 2267 1868 2347 audita,
1907 2290 2152 2337 rursus
2194 2266 2258 2334 in
2314 2267 2786 2356 pavimentum

249 2379 322 2426 se
386 2355 664 2445 abjicit,
731 2357 1401 2444 comprehensosque
1453 2357 1671 2427 sancti
1736 2356 1861 2425 viri
1913 2355 2119 2445 pedes
2178 2356 2355 2444 rigat
2420 2353 2782 2444 lacrymiS,

248 2459 315 2515 et
363 2442 636 2534 capillis
686 2444 830 2512 suis
880 2443 1192 2535 detergit,
1237 2445 1540 2532 dicitque
1590 2445 1734 2515 illi:
1775 2469 1808 2512 «
1841 2450 1939 2516 Tu
1988 2446 2217 2532 itaque
2268 2442 2594 2514 rationem
2634 2443 2791 2514 red-

249 2533 372 2601 des
405 2534 594 2621 justo
638 2531 906 2619 judici,
959 2539 1108 2615 De0,
1171 2557 1295 2625 pro
1341 2537 1576 2604 anima
1631 2557 1805 2615 mea,
1866 2549 1930 2604 et
1983 2536 2101 2604 tibi
2149 2533 2508 2623 imputabo
2554 2533 2790 2603 omnia

249 2620 508 2692 scelera
544 2633 610 2689 et
649 2620 908 2710 flagitia
953 2643 1125 2702 mea,
1167 2623 1222 2691 si
1275 2622 1625 2695 distuleris
1676 2623 1848 2693 mihi
1889 2624 2203 2714 impurae
2235 2636 2298 2690 et
2350 2622 2790 2710 turpissimae

249 2709 575 2780 salutaris
634 2707 884 2779 lavacri
940 2709 1349 2780 beneficium
1406 2712 1780 2803 impertire.
1840 2718 1982 2783 Non
2033 2714 2120 2781 sit
2169 2712 2293 2781 tibi
2334 2711 2552 2801 portio
2600 2710 2787 2800 apud

247 2804 459 2869 Deum
497 2798 676 2869 inter
723 2810 996 2869 sanctos
1044 2798 1219 2888 ejus,
1276 2799 1405 2871 nisi
1461 2822 1569 2871 me
1609 2801 1850 2871 feceris
1883 2801 2176 2871 alienam
2229 2823 2268 2868 a
2322 2798 2680 2870 maleficiis
2721 2813 2786 2868 et

295 2888 546 2957 eccatis
598 2887 791 2957 meis.
845 2888 1138 2978 Negasse
1174 2893 1412 2971 Deum,
1447 2900 1512 2958 et
1548 2891 1727 2960 idola
1760 2889 2058 2960 coluisse
2091 2888 2461 2968 censearis,
2509 2888 2645 2956 nisi
2679 2909 2785 2957 me

243 2911 452 3046 liodie
501 2976 572 3046 in
621 2977 865 3047 Christi
905 2977 1076 3047 Jesu
1130 2998 1453 3068 sponsam
1507 2980 1776 3050 renasci
1826 2979 2111 3058 seceriS,
2163 2989 2227 3046 et
2273 2975 2604 3046 obtuleris
2653 2980 2785 3044 Deo

247 3088 497 3157 puram
532 3077 598 3134 et
629 3065 1172 3136 immaculatam.
1216 3090 1251 3134 »
1407 3125 1412 3128 .

334 3157 370 3242 ξ
416 3157 491 3223 ⁸2.
547 3159 716 3224 Tum
760 3177 916 3225 vero
966 3155 1288 3246 Episcopi
1325 3177 1566 3224 omnes
1613 3167 1681 3225 et
1712 3153 1969 3233 clerici,
2008 3152 2129 3241 qui
2169 3166 2652 3235 convenerant,
2690 3153 2786 3221 vi·-

246 3243 488 3313 dentes
541 3241 726 3311 illam
781 3244 1123 3333 insignem
1170 3245 1622 3325 meretricem,
1678 3243 1958 3334 flagitiis
2006 3241 2332 3311 omnibus
2365 3254 2779 3333 coopertam,

246 3351 499 3422 magno
550 3331 661 3400 Dei
713 3331 1055 3403 desiderio
1104 3333 1451 3422 ejusmodi
1501 3354 1850 3402 sermones
1884 3342 2331 3422 promentem,
2369 3353 2528 3400 cum
2567 3331 2784 3400 multa

243 3420 702 3490 admiratione
749 3419 1115 3502 dicebant,
1188 3444 1544 3509 nunquam
1598 3443 1670 3490 se
1734 3419 1933 3489 talem
2008 3420 2263 3491 vidisse
2319 3418 2570 3500 fidem,
2634 3431 2784 3488 tan-

244 3521 531 3596 tumque
578 3508 987 3580 obtinendae
1036 3510 1280 3581 salutis
1328 3509 1795 3589 desiderium,
1849 3523 2184 3596 quantum
2240 3509 2308 3578 in
2361 3508 2476 3578 illa
2527 3507 2783 3577 femina

242 3599 625 3699 appareret.
701 3603 988 3685 Moxque
1057 3598 1468 3690 ablegarunt
1532 3620 1641 3667 me
1709 3611 2130 3688 peccatorem
2204 3597 2288 3668 ad
2362 3598 2781 3688 Episcopum

241 3687 580 3767 civitatis,
649 3698 725 3756 ut
775 3686 942 3757 haec
1009 3688 1244 3757 omnia
1313 3687 1377 3756 ei
1426 3687 1888 3789 significarem
1928 3740 1943 3769 ,
1998 3707 2446 3777 rogaremque
2511 3699 2587 3755 ut
2632 3685 2784 3775 ejus

240 3775 600 3846 beatitudo
648 3797 858 3845 unam
910 3797 989 3845 ex
1043 3776 1456 3846 Diaconissis
1495 3776 1770 3867 juberet
1806 3798 2074 3845 mecum
2120 3774 2371 3845 venire.
2401 3774 2786 3864 Episcopus

239 3863 353 3934 his
394 3863 651 3935 auditis
683 3918 697 3946 ‚
755 3863 1147 3935 incredibili
1196 3865 1481 3934 affectus
1531 3865 1787 3956 gaudio
1817 3919 1832 3946 ,
1899 3888 1933 3932 «
1972 3870 2149 3934 Bene
2187 3919 2201 3947 ‚
2256 3865 2323 3933 in
2378 3864 2533 3944 uit,
2594 3876 2785 3952 pater

240 3953 680 4035 venerabiliS,
736 3965 797 4023 te
837 3953 1094 4022 isthaec
1144 3975 1352 4043 opera
1402 3955 1891 4025 sustinebant:
1954 3955 2135 4034 sci0,
2192 3975 2327 4040 quo
2424 3974 2499 4021 os
2549 3973 2779 4020 meum

241 4042 406 4110 eris.
459 4048 539 4112 Et
585 4041 944 4113 confestim
988 4042 1210 4132 jussit
1256 4063 1527 4111 mecum
1581 4044 1680 4113 ire
1727 4043 2079 4113 dominam
2131 4047 2505 4111 Romanam
2541 4095 2556 4122 ,
2607 4063 2784 4127 quae

239 4129 313 4198 in
367 4131 782 4203 Diaconissis
832 4131 1092 4221 primas
1139 4131 1513 4202 obtinebat.
1586 4137 1678 4201 Ea
1727 4132 2055 4211 veniens,
2111 4130 2395 4200 offendit
2433 4130 2779 4219 Pelagiam

293 4327 318 4354 *¹
351 4327 372 4347 ⁸
387 4327 453 4371 Id.
481 4327 676 4368 observat
697 4329 1025 4369 Tillemontlus
1050 4329 1100 4368 in
1121 4329 1264 4368 Tomo
1287 4330 1335 4370 12
1358 4330 1545 4369 Monam.
1562 4330 1819 4374 Ecclesiaste..
1840 4325 1886 4368 in
1908 4325 2229 4374 conciliorum.
2248 4338 2367 4377 quae
2386 4328 2627 4372 habemus,
2645 4336 2782 4366 cano-

233 4379 379 4423 nibus
406 4382 603 4429 reperiri
631 4393 725 4422 non
746 4383 909 4427 credo;
928 4393 1092 4422 verum
1112 4383 1289 4432 regula.
1311 4393 1430 4432 quae
1451 4387 1563 4422 tuce
1582 4382 1748 4433 (nempe
1770 4394 1864 4421 mam
1886 4383 2057 4432 Petaqia
2078 4384 2137 4422 αιῖ
2152 4384 2285 4423 bonus
2295 4383 2460 4434 sruyea
2479 4387 2539 4421 esc
2560 4383 2783 4426 conversa)

235 4436 584 4482 observaretur,
603 4445 706 4477 esse
724 4438 926 4487 poterat.
944 4437 1272 4487 Ecclesiaeque
1295 4437 1545 4478 sanctitate
1567 4439 1666 4478 erat
1686 4437 1840 4486 digna.
1860 4464 1884 4486 ,‚
