3347 4999
228 292 403 359 OCT.
463 288 543 358 ⁴2
905 360 918 372 ,
976 312 1054 358 nn
1104 312 1159 358 s.
1212 312 1529 360 thFtuno
1576 312 1776 360 muse.
1830 314 2017 362 anon.
2560 300 2687 364 353

229 400 478 465 Verum
516 395 915 485 presbyteri,
956 401 1188 486 Eappa
1236 408 1302 465 et
1340 396 1570 465 Padda
1618 411 1683 465 et
1731 398 2094 469 Bruchelin
2141 411 2204 469 et
2250 400 2492 481 Oidda,
2555 416 2774 472 caete·

224 507 377 553 ram
429 485 697 573 plebem
741 483 844 553 vel
891 498 1077 564 tunc,
1124 483 1225 553 vel
1284 499 1587 574 tempore
1622 499 1985 571 sequente,
2042 488 2501 573 baptizabant.
2570 496 2776 562 Porro

226 573 513 663 Regina,
555 574 834 643 nomine
881 574 1092 653 Ebba,
1130 574 1199 641 in
1237 595 1364 642 sua
1412 573 1666 655 insula,
1708 574 1777 643 id
1813 588 1937 651 est,
1975 576 2354 646 vicciorum
2391 580 2772 667 provincia,

225 660 450 731 fuerat
484 663 847 753 baptizata.
910 667 1066 731 Erat
1125 674 1352 731 autem
1406 662 1550 731 filia
1601 664 1932 743 Eantridi,
1985 664 2214 734 fratris
2273 666 2591 747 Eanlieri,
2656 670 2775 755 qui

226 753 435 821 ambo
483 775 643 822 cum
698 773 824 821 suo
862 750 1118 841 populo
1153 750 1519 820 Christiani
1569 752 1782 821 suere.
1846 757 2195 822 Caeterum
2241 765 2377 822 tota
2429 756 2778 844 provincia

225 840 648 910 Australium
703 846 1074 920 Saxonum,
1112 839 1329 908 divini
1383 840 1686 911 nominis
1735 852 1799 935 et
1838 841 1999 910 fidei
2047 854 2190 910 erat
2237 842 2506 931 ignara.

319 932 355 1016 ξ
402 933 491 1000 3.
548 934 705 999 Erat
751 940 979 998 autem
1045 929 1139 998 ibi
1192 928 1575 998 monachus
1616 929 1900 1016 quidam
1959 930 2042 998 de
2079 931 2352 1000 natione
2385 936 2769 1013 Scotorum,

229 1017 561 1087 vocabulo
612 1018 829 1098 Dicul,
878 1017 1140 1087 habens
1193 1017 1756 1087 monasteriolum
1800 1018 2273 1107 permodicum
2316 1020 2387 1088 in
2440 1020 2611 1102 loc0‚
2653 1022 2775 1107 qui

229 1121 514 1176 vocatur
561 1107 973 1186 Bosanham,
1039 1106 1231 1175 silvis
1281 1119 1346 1175 et
1402 1107 1576 1175 mari
1636 1107 2172 1188 circumdatum,
2212 1120 2276 1176 et
2311 1109 2378 1175 in
2425 1130 2504 1178 eo
2538 1108 2782 1181 fratres

225 1197 541 1283 quinque
597 1196 737 1266 sive
789 1217 941 1277 sex,
995 1195 1065 1264 in
1122 1194 1372 1263 humili
1412 1209 1477 1263 et
1513 1218 1814 1285 paupere
1850 1196 1982 1265 vita
2019 1197 2305 1265 Domino
2336 1196 2774 1268 famulantes,

233 1285 359 1354 Sed
414 1284 940 1374 provincialium
994 1282 1254 1364 nullus,
1298 1305 1536 1353 eorum
1592 1283 1690 1352 vel
1741 1286 1945 1353 vitam
2000 1285 2377 1368 aemulari,
2433 1287 2533 1355 vel
2578 1309 2776 1376 prae-

224 1373 642 1443 dicationem
695 1374 983 1442 curabat
1031 1371 1295 1441 audire.
1350 1372 1843 1463 Evangelizans
1877 1388 2104 1443 autem
2158 1374 2343 1464 genti
2393 1375 2774 1464 Episcopus

228 1461 613 1543 WilfriduS,
673 1484 804 1531 non
857 1460 1081 1531 solum
1134 1482 1283 1529 eam
1335 1461 1421 1530 ab
1471 1483 1804 1531 aerumna
1871 1475 2240 1552 perpetuae
2278 1463 2773 1546 damnationis,

232 1574 468 1621 verum
525 1564 590 1620 et
642 1573 682 1620 a
729 1550 923 1620 clade
985 1548 1384 1639 temporalis
1437 1549 1756 1620 interitus
1820 1551 2096 1640 eripuit.
2159 1551 2507 1638 Siquidem
2560 1553 2783 1624 tribus

228 1641 437 1710 annis
496 1652 652 1709 ante
716 1639 1087 1708 adventum
1148 1637 1301 1726 ejus
1365 1639 1433 1706 in
1510 1639 1932 1728 provinciam
1970 1695 1985 1720 ,
2062 1639 2250 1709 nulla
2303 1640 2440 1708 illis
2493 1641 2558 1709 in
2614 1641 2782 1711 locis

236 1729 472 1830 pluvia
512 1728 898 1809 ceciderat,
952 1726 1139 1796 unde
1194 1740 1259 1795 et
1307 1725 1523 1798 sames
1580 1728 2028 1798 acerbissima
2092 1728 2355 1818 plebem
2421 1729 2778 1812 invadenS,

236 1819 455 1908 impia
506 1839 672 1887 nece
724 1816 1113 1907 prostravit.
1170 1816 1474 1902 Denique
1520 1815 1737 1885 fertur
1771 1872 1786 1898 ,
1839 1817 2003 1904 quia
2065 1839 2267 1907 saepe
2324 1817 2785 1908 quadraginta

238 1906 451 1975 simul
493 1918 611 1975 aut
657 1905 1164 1993 quinquaginta
1206 1904 1523 1975 homines
1563 1905 1793 1974 inedia
1829 1907 2174 1987 macerati,
2222 1906 2665 1994 procederent
2697 1906 2781 1976 ad

245 1995 730 2085 praecipitium
763 1993 1041 2081 aliquod
1080 1994 1223 2063 sive
1252 1994 1473 2083 ripam
1507 1994 1741 2073 mariS,
1773 2008 1832 2062 et
1856 1994 2120 2083 junctis
2151 1995 2399 2063 misere
2431 1996 2780 2078 manibus,

242 2085 500 2175 patiter
549 2105 791 2153 omnes
839 2096 958 2151 aut
1006 2082 1208 2151 ruina
1261 2082 1595 2172 perituri,
1650 2096 1771 2152 aut
1819 2084 2148 2152 fluctibus
2169 2084 2627 2166 absorbendi,
2672 2085 2788 2154 de-

235 2173 572 2242 ciderent.
612 2178 856 2241 Verum
920 2171 1069 2261 ipso
1118 2171 1252 2251 die,
1294 2192 1432 2258 quo
1466 2170 1810 2260 baptisma
1865 2171 2024 2240 fidei
2082 2194 2250 2261 gens
2301 2173 2604 2263 suscepit
2637 2173 2779 2253 illa,

241 2261 602 2332 descendit
653 2260 881 2350 pluvia
916 2281 1157 2328 serena
1205 2273 1270 2329 et
1316 2260 1619 2349 copiosa,
1677 2260 1983 2329 refloruit
2017 2273 2216 2339 terra,
2257 2261 2590 2348 rediitque
2626 2262 2789 2330 viri-

245 2350 578 2419 dantibus
617 2350 798 2418 arvis
839 2371 1066 2417 annus
1103 2348 1322 2418 laetus
1355 2361 1421 2417 et
1452 2347 1764 2438 frugifer.
1806 2349 2073 2435 Sicque,
2109 2349 2374 2439 abjecta
2423 2351 2645 2440 prisca
2683 2374 2790 2420 su-

246 2439 673 2530 perstitione,
730 2437 1085 2510 exsufflata
1145 2436 1555 2518 idololatria,
1593 2459 1712 2507 cor
1767 2440 2082 2508 omnium
2136 2450 2199 2508 et
2262 2461 2421 2509 caro
2471 2440 2785 2510 omnium

245 2528 727 2598 exultaverunt
774 2529 841 2596 in
903 2532 1112 2594 Deum
1167 2528 1433 2607 vivum3
1500 2525 1964 2616 intelligentes
2001 2549 2187 2606 eum,
2249 2528 2369 2614 qui
2428 2551 2627 2598 verus
2687 2540 2790 2599 est

243 2622 445 2698 DeuS,
503 2631 567 2686 et
615 2616 1060 2687 interioribus
1096 2637 1166 2686 se
1216 2615 1441 2696 bonis,
1486 2629 1551 2684 et
1598 2617 2051 2687 exterioribus
2090 2615 2362 2687 coelesti
2413 2619 2630 2706 gratia
2682 2618 2787 2686 di-

238 2718 443 2777 tasse.

329 2798 364 2882 §
412 2800 495 2868 4.
551 2801 718 2864 Nam
779 2805 844 2862 et
889 2793 1184 2862 Antistes
1218 2814 1376 2861 cum
1428 2793 1728 2862 venisset
1776 2794 1843 2862 in
1900 2793 2351 2881 provinciam,
2392 2806 2789 2880 tantamque

238 2884 336 2953 ibi
375 2883 579 2953 famis
628 2904 915 2973 poenam
967 2881 1247 2962 videret,
1316 2881 1550 2950 docuit
1600 2904 1716 2952 eos
1776 2883 2106 2972 piscando
2143 2883 2394 2951 victum
2429 2905 2781 2970 quaerere.

121 2991 134 3003 ·
239 2978 546 3059 Namque
574 2993 764 3041 mare
792 2986 857 3040 et
888 2970 1177 3040 flumina
1206 2992 1442 3039 eorum
1478 2970 1789 3060 piscibus
1815 2971 2287 3053 abundabant,
2322 2972 2436 3040 sed
2476 2971 2789 3062 piscandi

245 3062 489 3152 peritia
531 3060 719 3151 genti
761 3058 999 3139 nulla,
1071 3059 1202 3128 nisi
1268 3058 1349 3127 ad
1404 3081 1488 3127 an
1546 3059 1753 3127 uillas
1804 3072 2114 3140 tantum,
2171 3059 2414 3129 inerat.
2481 3060 2791 3129 Collectis

238 3173 404 3240 ergo
452 3150 941 3235 undecumque
975 3148 1236 3219 retibus
1284 3149 1493 3236 angui
1532 3147 1820 3227 laribus,
1873 3147 2190 3217 homines
2221 3149 2554 3219 Antistitis
2590 3149 2793 3218 mise-

242 3252 409 3309 runt
458 3239 527 3306 in
572 3260 783 3319 mare,
828 3251 893 3306 et
931 3236 1167 3306 divina
1214 3258 1286 3305 se
1327 3236 1613 3323 juvante
1663 3236 1906 3325 gratia,
1961 3257 2116 3305 mox
2152 3259 2393 3328 cepere
2430 3238 2652 3327 pisces
2685 3238 2792 3307 di-

244 3328 421 3397 versi
470 3326 741 3416 generis
792 3336 1164 3396 trecentos:
1219 3325 1476 3411 quibus
1543 3324 1874 3394 trifariam
1951 3324 2238 3408 divisis,
2294 3342 2565 3396 centum
2621 3348 2791 3416 pau-

245 3416 530 3519 peribus
580 3414 942 3494 dederunt,
997 3427 1272 3483 centum
1310 3413 1418 3483 his
1452 3436 1487 3480 a
1525 3413 1782 3499 quibus
1819 3414 1984 3482 retia
2018 3431 2468 3504 acceperunt,
2513 3427 2792 3484 centum

242 3529 313 3574 ln
368 3526 530 3574 suos
579 3527 751 3575 usus
814 3502 1181 3572 habebant.
1229 3507 1374 3584 Quo
1437 3501 1771 3571 beneficio
1824 3502 2119 3571 multum
2160 3504 2451 3574 Antistes
2492 3527 2608 3574 cor
2655 3526 2792 3572 om-

246 3594 441 3663 nium
496 3593 563 3660 in
617 3614 821 3661 suum
892 3591 1166 3661 divertit
1220 3612 1564 3671 amorem,
1619 3603 1684 3660 et
1745 3591 2115 3673 libentius,
2168 3613 2245 3661 eo
2305 3592 2787 3682 praedicante,

234 3681 561 3753 coelestia
612 3702 887 3770 sperare
953 3693 1377 3770 coeperunt,
1440 3682 1644 3767 cujus
1704 3680 2086 3749 ministerio
2146 3680 2547 3770 temporalia
2609 3680 2792 3750 bona

244 3783 722 3861 sumpserunt.
776 3773 921 3851 Quo
971 3781 1274 3859 tempore
1324 3772 1461 3837 Rex
1511 3767 1852 3838 Edilwach
1897 3768 2175 3837 donavit
2221 3769 2793 3840 reverendissimo

240 3859 546 3931 Antistiti
596 3856 907 3928 Wilfrido
974 3871 1222 3926 terram
1292 3857 1897 3947 octogintaseptem
1942 3857 2363 3926 familiarum
2397 3912 2412 3938 ,
2464 3858 2586 3927 ubi
2635 3880 2796 3927 suos

246 3949 587 4028 homines,
636 3946 754 4035 qui
805 3945 1075 4015 exsules
1124 3946 1575 4036 vagabantur,
1633 3948 1935 4047 recipere
1983 3958 2233 4046 posset,
2271 3946 2603 4015 vocabulo
2639 3952 2797 4016 Seo-

247 4037 459 4116 leseu‚
499 4036 683 4123 quod
727 4034 984 4104 dicitur
1019 4035 1274 4115 Latine,
1314 4034 1547 4105 Insula
1599 4034 1793 4105 vituli
1830 4036 2108 4104 marini.
2162 4040 2276 4105 Est
2323 4047 2549 4104 autem
2603 4035 2798 4107 locus

248 4125 365 4194 ille
405 4125 713 4213 undique
762 4124 934 4194 mari
985 4123 1481 4197 circumdatus.
1526 4136 1792 4213 praeter
1822 4124 1908 4193 ab
1944 4123 2329 4204 Occidente,
2367 4123 2555 4193 unde
2594 4124 2797 4193 habet

242 4214 639 4303 ingressum
714 4211 1201 4303 amplitudinis
1272 4212 1471 4299 quasi
1538 4212 1770 4300 jactus
1836 4212 2130 4282 fundae:
2196 4211 2423 4300 qualis
2496 4213 2688 4282 locus
2757 4235 2796 4280 a

251 4301 509 4372 Latinis
561 4302 969 4392 peninsula,
1010 4323 1087 4384 ,a
1159 4301 1432 4371 Graecis
1499 4301 1669 4370 solet
1737 4300 2198 4371 Chersonesus
2269 4302 2519 4371 vocari.
2597 4307 2796 4370 Hunc

242 4410 412 4480 ergo
460 4389 686 4459 locum
758 4413 917 4461 cum
986 4390 1363 4478 accepisset
1435 4389 1818 4482 Episcopus
1867 4389 2261 4474 Wilsridus,
2336 4390 2651 4460 fundavit
2701 4390 2797 4458 ibi

408 4511 646 4567 surius
674 4538 700 4556 -
737 4509 906 4572 Vitae
934 4508 1036 4572 SS.
1064 4540 1097 4557 -
1126 4507 1257 4570 Vol.
1287 4507 1362 4572 X.
2558 4506 2634 4567 23
