3347 4999
778 350 906 414 730
1603 365 1681 412 m:
1729 367 1784 412 S.
1840 366 2058 413 riona
2104 367 2291 414 mir.
2896 350 3044 414 OCT.
3085 351 3148 414 28

686 450 1102 542 operationis
1148 451 1386 522 vitales
1423 449 1690 520 fructus
1723 449 1986 531 afferre,
2021 462 2100 522 ut
2131 451 2216 521 ad
2250 451 2852 541 contemplandum
2891 474 3147 522 summae
3264 471 3265 504 l

689 540 987 610 veritatis
1038 540 1266 609 lumen
1318 540 1670 609 valeamus
1723 540 2155 629 postmodum
2213 541 2587 630 pervenire.
2633 547 2905 611 Domum
2952 563 3147 630 nempe

687 651 884 700 suam
935 651 1145 718 supra
1197 629 1468 698 firmam
1522 643 1780 718 petram
1834 629 1902 697 in
1956 651 2121 717 pace
2166 627 2620 709 fundaverat,
2675 629 2857 699 unde
2910 645 3148 720 postmo-

687 718 852 788 dum
908 718 1084 786 venti
1137 718 1482 787 minarum
1538 716 1863 800 furerent,
1906 716 2072 785 dum
2114 717 2365 789 diversi
2415 718 2905 808 suppliciorum
2952 719 3152 788 fluctus

688 805 1172 907 impingerent,
1218 806 1597 876 immobilis
1647 808 2126 896 permanebat:
2179 819 2243 876 et
2292 820 2641 895 tamquam
2706 807 2892 877 radix
2944 808 3148 897 egregii

688 908 912 965 trunci
958 896 1165 965 robur
1213 894 1408 985 prius
1443 895 1511 963 in
1561 894 1831 965 occulto
1877 908 2314 983 conceperat,
2369 917 2506 983 quo
2555 896 2724 966 fulta
2777 896 3148 986 postmodum
3264 961 3265 964 ,

685 983 921 1054 adulta
970 1005 1162 1074 seges
1209 984 1398 1054 auris
1449 983 1962 1074 impellentibus
2011 1005 2144 1053 non
2193 983 2500 1054 cadebat.
2557 991 2630 1055 In
2686 1007 2849 1075 pace
2896 986 3149 1085 igiturex
3264 997 3265 1006 ’

684 1074 863 1143 bona
911 1073 1306 1174 operatione
1354 1073 1755 1174 promeruit,
1800 1073 1982 1159 quod
2050 1073 2345 1174 invictus
2394 1074 2470 1173 ‘in
2531 1074 3007 1163 persecutionis
3036 1084 3151 1174 ῥῑᾳ-

685 1161 801 1233 dio
846 1174 911 1231 et
952 1162 1453 1250 imperterritus
1501 1175 1705 1232 stetit.
1751 1161 2136 1231 Elaboravtt
2197 1184 2266 1230 tn
2318 1175 2478 1242 otio,
2516 1162 2698 1250 quod
2758 1176 3148 1252 superarum

686 1250 1132 1410 ggltliplhiltntra
1183 1251 1373 1341 pacis
1435 1251 1706 1320 moenia
1772 1250 2229 1338 conquisivit,
2302 1251 2485 1339 quod
2555 1251 2623 1321 in
2688 1273 2929 1341 campo
2992 1251 3151 1320 victor

771 1431 926 1516 §5
968 1433 1150 1497 Inter
1189 1441 1454 1498 caetera
1500 1440 1728 1499 autem
1782 1427 2175 1497 meritorum
2225 1428 2378 1529 ejus
2419 1428 2745 1519 insignia,
2786 1428 2950 1498 illud
2986 1448 3148 1515 quan·
3264 1473 3265 1504 1

687 1529 790 1587 tae
838 1516 1097 1608 gloriae
1128 1529 1251 1597 est,
1294 1516 1474 1605 quod
1530 1518 1767 1586 beatus
1816 1518 1926 1586 hic
1973 1530 2038 1586 et
2077 1517 2573 1588 invictissimus
2616 1531 2897 1607 martyr,
2949 1538 3076 1586 mox
3102 1527 3152 1584 ut

683 1606 906 1696 capite
951 1626 1195 1674 caesus
1245 1618 1369 1686 est,
1431 1605 1706 1675 turbida
1756 1618 2120 1695 tempestas
2167 1619 2230 1675 et
2281 1607 2491 1676 nimia
2542 1607 2926 1676 coruscatio
2954 1605 3151 1673 dicitur

683 1694 1097 1764 emersisse?
1145 1697 1285 1763 Hoc
1325 1693 1662 1780 siquidem
1714 1694 1986 1764 divinae
2018 1694 2147 1764 fuit
2184 1696 2546 1783 aequitatis
2587 1696 2945 1775 indicium,
2980 1708 3045 1762 ut
3072 1713 3151 1780 per

685 1783 812 1852 hoc
863 1781 1217 1852 manifeste
1264 1782 1686 1864 claresceret,
1729 1783 1907 1871 quod
1942 1784 2058 1870 qui
2093 1789 2450 1875 Martyrem
2494 1806 2699 1853 suum
2743 1783 3079 1870 recipiebat
3104 1781 3146 1848 in

683 1872 924 1974 gloria,
993 1884 1278 1942 tortores
1323 1871 1473 1960 ejus
1540 1871 1748 1959 digne
1818 1874 2157 1941 terrebant
2223 1875 2291 1941 in
2359 1875 2480 1942 ira.
2535 1873 2626 1941 Ad
2689 1869 3147 1942 terrificandum

685 1977 914 2049 itaque
963 1982 1034 2030 re
1092 1961 1291 2031 robos
1337 1961 1722 2030 coruscatio
1774 1971 1839 2030 et
1889 1974 2253 2049 tempestas
2299 1961 2549 2051 erupit,
2604 1961 2866 2049 quibus
2907 1959 3154 2028 videlicet

683 1983 1175 2120 comitantibus
1223 2071 1569 2139 supernus
1616 2049 1869 2118 arbiter
1914 2048 1995 2118 ad
2023 2050 2367 2139 Judicium
2419 2052 2623 2129 venit,
2680 2051 2862 2119 sicut
2908 2071 3016 2153 per
3043 2053 3153 2116 Pro·

687 2138 958 2228 phetam
1024 2138 1319 2207 dicitur:
1383 2140 1571 2228 lqnis
1631 2148 1787 2208 ante
1833 2162 1983 2208 eum
2047 2140 2374 2230 praeibit,
2432 2149 2496 2208 et
2565 2142 2634 2208 in
2704 2142 2985 2207 circuitu
3053 2138 3155 2226 ejus

685 2236 1040 2317 tempestas
1066 2228 1304 2297 valida
1338 2228 1553 2316 (Psal.
1594 2227 1731 2315 49).
1789 2231 1991 2296 Porro
2021 2228 2087 2295 in
2129 2241 2339 2297 morte
2391 2228 2658 2296 Domini
2700 2228 3023 2296 elementa
3052 2240 3154 2294 tur-

683 2316 840 2384 bata
891 2314 1237 2404 leguntur.
1293 2321 1600 2398 Quantae
1631 2337 1792 2406 ergo
1839 2316 2192 2405 dignitatis
2239 2328 2361 2396 est,
2398 2338 2752 2403 quamque
2808 2316 3042 2386 nobilis
3083 2313 3155 2379 in·

685 2405 881 2493 signe
931 2404 1290 2493 triumphi,
1346 2405 1653 2474 adinstar
1687 2405 2075 2473 Dominicae
2111 2405 2369 2484 mortiS,
2406 2405 2608 2474 etiam
2654 2406 2725 2473 in
2770 2403 3155 2474 decollatione

686 2493 1010 2582 martyris
1055 2493 1390 2563 elementa
1453 2491 1667 2565 fuisse
1730 2497 2123 2565 commota?
2184 2497 2260 2564 Ut
2312 2516 2393 2563 ex
2439 2494 2675 2581 aliqua
2728 2510 2916 2586 parte
2975 2489 3156 2561 mortis

680 2583 831 2684 ejus
889 2582 1244 2652 moriendo
1301 2596 1554 2653 teneret
1599 2582 1916 2665 formam,
1971 2582 2176 2671 cujus
2223 2583 2531 2654 imitatus
2588 2597 2691 2655 est
2759 2582 3030 2652 vivendo
3067 2579 3155 2647 do-

680 2685 1001 2741 ctrinam.

766 2763 804 2849 ξ
850 2765 944 2831 8.
991 2758 1168 2830 Illud
1217 2760 1421 2829 etiam
1473 2759 2112 2850 parvipendendum
2176 2783 2306 2831 non
2372 2774 2497 2843 est,
2550 2763 2735 2849 quod
2804 2760 3062 2850 quidam
3099 2774 3156 2823 ex

681 2850 1236 2941 persecutoribus
1292 2872 1332 2919 a
1379 2848 1744 2919 daemonio
1807 2850 2203 2939 perhibetur
2264 2863 2625 2940 arreptus,
2693 2852 2818 2938 qui
2882 2849 3155 2920 nimirum

680 2960 838 3007 cum
887 2939 1306 3026 promitteret
1354 2937 1749 3028 sepulturae
1797 2960 1869 3008 se
1914 2960 2167 3027 corpus
2230 2941 2543 3029 Martyris
2589 2963 2751 3009 cum
2818 2958 3047 3027 magna
3086 2952 3157 3031 τᾳ·

682 3028 976 3096 verentia
1028 3026 1469 3105 traditurum,
1523 3028 1578 3094 si
1629 3048 1709 3095 eo
1772 3027 2257 3096 interveniente
2317 3043 2695 3097 mereretur
2752 3051 2793 3097 a
2850 3028 3154 3097 daemonio

682 3115 984 3196 liberari,
1033 3137 1186 3185 mox
1243 3129 1320 3185 ut
1364 3115 1655 3186 cadaver
1706 3116 2026 3205 martyris
2092 3115 2331 3206 tetigit,
2382 3117 2672 3186 daemon
2725 3115 3058 3187 abscessit.
3102 3114 3154 3178 ln

681 3205 809 3274 hoc
855 3206 1058 3273 etiam
1110 3205 1413 3292 ejusdem
1470 3206 1685 3275 nostri
1736 3204 2209 3294 Redemptoris
2261 3206 2619 3295 perspicue
2669 3205 2939 3276 videtur
2979 3218 3156 3271 exem·

681 3292 901 3383 plum.
949 3292 1299 3379 Siquidem
1351 3316 1430 3362 ex
1480 3294 1650 3383 ipsis
1702 3295 2256 3383 persecutoribus
2299 3296 2563 3364 Domini
2599 3294 3016 3381 quicumque
3051 3305 3155 3375 my·

678 3382 961 3450 sterium
1013 3383 1429 3452 sacrosancti
1467 3383 1776 3472 corporis
1812 3383 1965 3470 ejus
2012 3384 2343 3472 attingere
2394 3396 2821 3465 meruerunt,
2869 3406 2902 3451 a
2937 3381 3156 3449 daemo-

684 3491 848 3538 num
889 3469 1061 3559 jugo
1100 3470 1306 3539 soluti
1364 3484 1548 3552 sunt,
1604 3472 1754 3560 ipso
1811 3471 2139 3561 redempti
2192 3473 2553 3562 sanguine,
2605 3493 2814 3559 quem
2867 3469 3152 3542 fuderant-

680 3564 892 3645 Atque
926 3571 1000 3627 ut
1036 3559 1100 3626 in
1148 3561 1475 3648 martyrio
1522 3582 1649 3629 suo
1698 3581 1936 3630 servus
1986 3560 2371 3649 passionem
2422 3561 2694 3630 Domini
2744 3560 2855 3630 sui
2904 3557 3155 3626 videatur

680 3649 879 3735 quasi
935 3647 1350 3737 pedisequus
1398 3649 1678 3729 imitari,
1723 3648 1891 3718 dum
1941 3648 2300 3717 carnifices
2343 3650 2640 3739 principi
2675 3671 2807 3720 suo
2852 3641 3149 3717 miracula,

677 3758 856 3824 quae
894 3759 1011 3827 per
1054 3739 1324 3807 beatum
1368 3742 1728 3825 Martyrem
1771 3751 2042 3807 ostensa
2079 3736 2368 3819 fuerant,
2411 3740 2847 3817 nunciarent,
2884 3737 3148 3822 cuiquam

680 3827 838 3896 talia
884 3825 1132 3896 referre
1168 3826 1452 3895 omnino
1487 3826 1862 3916 probibuit,
1922 3840 2382 3916 perpetuoque
2427 3826 2636 3896 celari
2672 3829 2951 3896 territus
2994 3826 3148 3920 inipe-

682 3916 875 3985 ravit.
919 3918 1086 3998 Quis
1131 3915 1314 3983 enim
1369 3914 1496 3989 boc
1526 3915 1842 3995 audiens,
1895 3936 2025 3984 non
2081 3915 2251 3986 illud
2316 3917 2628 4005 protinus
2676 3915 2764 3985 ad
2805 3920 3144 4011 memonqm

682 4017 968 4087 revocet,
1033 4002 1214 4092 quod
1281 4003 1627 4093 principes
1693 4003 2120 4073 sacerdotum
2185 4003 2413 4074 dixere
2467 4004 2916 4075 custodibus:
2968 3998 3147 4071 Dicite.

683 4094 1031 4180 inquiunt,
1078 4094 1244 4195 quia
1288 4093 1612 4183 discipuli
1653 4094 1801 4182 ejus
1846 4103 2031 4163 nocte
2076 4104 2421 4175 venerant,
2473 4104 2537 4163 et
2582 4095 2810 4182 furati
2849 4100 3149 4190 suntqnm.

677 4184 860 4252 vobis
890 4182 1401 4251 dormientibus:
1435 4191 1496 4251 et
1524 4186 1585 4251 si
1613 4183 1925 4251 auditum
1955 4184 2164 4269 suerit
2197 4205 2239 4251 a
2270 4183 2605 4261 Praeside,
2632 4205 2747 4252 nos
2782 4178 3155 4251 suadebimus

681 4273 768 4351 ei,
812 4280 875 4339 et
918 4292 1179 4341 securos
1225 4292 1336 4339 vos
1388 4272 1717 4357 faciemus
1759 4271 2026 4360 (Manli.
2084 4271 2330 4361 xxvm).
2398 4271 2517 4340 Isti
2582 4270 2862 4358 quidem
2911 4268 3157 4336 docuere

681 4357 1024 4439 custodeS‚
1063 4375 1139 4429 ut
1189 4359 1624 4429 mendacium
1672 4359 2047 4449 fingerent:
2101 4359 2215 4428 ille
2268 4359 2609 4448 praecepit
2654 4356 3070 4432 officialibus,
3096 4353 3158 4416 ul

685 4446 1029 4521 veritatem
1083 4446 1354 4517 silentio
1402 4449 1935 4537 supprimerent.
1997 4448 2271 4535 Utrique
2321 4449 2648 4517 nimirum
2703 4445 2993 4516 veritatis
3030 4445 3160 4508 sunl
