3347 4999
706 311 789 376 38
1475 328 1553 374 nii:
1601 327 1656 374 s.
1711 325 1970 373 nauium
2017 324 2311 373 Ancuinr.
2887 305 3070 372 OCT.
3131 309 3155 371 1

613 408 698 477 de
746 407 949 488 Celt0,
996 406 1325 494 quoniam
1366 406 1884 475 vicedominum
1937 405 2005 474 in
2056 405 2292 474 eadem
2348 406 2507 476 villa
2560 415 2773 474 morte
2820 403 3169 474 crudelis·

615 497 791 567 sima
838 489 1259 576 occiderunt,
1313 495 1807 574 exterminavit,
1852 507 1916 563 et
1964 495 2361 564 auctoribus
2411 492 2806 573 intersectiS,
2860 512 3163 562 consen-

615 586 858 654 tientes
894 607 1013 675 per
1052 584 1356 655 diversas
1386 584 1773 673 provincias
1800 583 2104 673 dispergi
2131 597 2335 671 atque
2369 595 2696 674 perpetuo
2727 580 2966 651 exsilio
2996 603 3168 650 con-

616 674 927 743 demnari
978 673 1156 754 fecit,
1191 685 1256 743 et
1302 673 1386 741 de
1420 673 1707 741 caeteris
1755 671 1937 741 villis
1989 672 2329 761 Episcopii
2381 670 2787 742 Rhemensis
2833 670 3159 741 eamdem

615 762 846 832 villam
901 762 1269 831 restaurari
1322 761 1707 851 praecepit:
1752 761 1845 828 ita
1878 760 2001 829 viri
2045 773 2109 829 et
2138 760 2432 831 feminae
2475 759 2786 831 mulctati
2838 781 3163 849 perman-

616 863 894 931 serunt,
952 851 1131 921 sicut
1178 850 1394 919 sancti
1447 849 1574 917 viri
1625 850 1955 918 sententia
2009 850 2488 941 promulgavit.
2546 849 2890 932 Quosdam
2948 849 3162 917 etiam

613 939 695 1008 de
741 961 979 1017 eorum
1026 938 1371 1029 progenie,
1410 938 1531 1024 qui
1566 951 1730 1007 tunc
1762 937 1923 1021 fuga
1959 935 2160 1027 lapsi,
2201 961 2358 1008 cum
2396 939 2515 1008 alii
2546 938 3155 1027 dispergebantur,

612 1042 1114 1108 remanserunt,
1168 1042 1232 1096 et
1279 1026 1367 1096 ad
1415 1026 1730 1095 eamdem
1783 1025 2014 1095 villam
2066 1027 2449 1107 redierunt,
2521 1049 2643 1096 nos
2694 1027 2870 1095 lianc
2932 1024 3161 1094 vindi-

612 1130 758 1186 ctae
785 1116 1208 1191 sustinentes
1236 1116 1640 1184 sententiam
1679 1114 2002 1192 vidimus,
2042 1116 2220 1185 sicut
2265 1131 2330 1187 et
2362 1116 2542 1187 Giezi
2572 1137 2727 1183 cum
2758 1113 2965 1182 domo
3002 1136 3154 1195 sua,

613 1204 1092 1274 maledictione
1140 1204 1368 1282 Elisei,
1424 1202 1613 1293 lepra
1664 1203 2036 1274 mulctatus
2081 1217 2183 1274 est
2212 1205 2307 1293 (4.
2347 1211 2507 1295 Req.
2555 1204 2645 1292 v).

698 1296 941 1381 §52
1004 1298 1168 1381 Apte
1231 1292 1510 1380 quidem
1564 1293 1901 1362 sententia
1967 1293 2090 1361 viri
2149 1294 2303 1373 Dei,
2371 1293 2618 1382 spiritu
2666 1292 2819 1380 ejus
2882 1290 3150 1380 repleti,

609 1404 745 1470 quo
776 1382 955 1451 sicut
989 1394 1377 1472 praesentes
1408 1381 1597 1461 vidit,
1630 1382 1722 1451 ita
1758 1395 2058 1469 posteros
2091 1404 2325 1451 eorum
2373 1381 2658 1452 rebelles
2688 1403 2768 1449 ao
2790 1380 3154 1450 seditiosos

611 1470 946 1561 praevidit
975 1470 1416 1570 nvindictam
1469 1469 1871 1559 hujusmodi
1913 1482 2467 1570 praesumptores
2500 1492 2633 1538 non
2670 1468 2899 1569 'sol-um
2937 1469 3009 1536 in
3057 1491 3149 1568 se,

610 1581 844 1629 verum
897 1572 963 1627 et
1011 1581 1076 1627 in
1111 1581 1359 1649 genere
1388 1571 1909 1628 contraxerunt:
1943 1571 2019 1627 ut
2052 1572 2231 1628 Sicut
2272 1572 2545 1648 peccato
2582 1579 2786 1648 primi
2818 1570 3149 1647 parentis,

613 1670 732 1737 per
772 1647 1121 1717 traducem
1176 1648 1485 1726 seminis,
1529 1647 1762 1716 cuncti
1793 1669 1872 1715 ex
1918 1669 1997 1716 eo
2047 1648 2253 1736 geniti
2293 1659 2644 1736 peccatum
2682 1647 2833 1747 eJus
2861 1658 2925 1715 et
2971 1667 3154 1715 mor-

610 1749 741 1804 tem
786 1738 1092 1826 corporis
1134 1759 1256 1826 pro
1307 1748 1580 1826 peccato
1612 1735 1870 1804 illatam
1916 1747 2289 1814 traxerunt,
2327 1737 2419 1804 ita
2466 1750 2529 1805 et
2579 1734 3003 1825 genitalibus
3051 1755 3157 1803 eo-

609 1846 765 1894 rum
803 1838 1400 1916 praesumptorum
1437 1824 1764 1914 generati,
1804 1824 2173 1894 vindictam
2208 1824 2468 1894 illatam
2511 1824 3009 1914 generantibus
3045 1845 3155 1892 su-

611 1914 965 1983 stinerent.
1020 1920 1098 1983 Et
1144 1913 1305 2001 quia
1339 1914 1405 1981 in
1459 1911 1752 1982 femineo
1801 1935 1968 1983 sexu
2017 1935 2153 1982 non
2193 1927 2358 1992 erat,
2399 1914 2518 1983 ubi
2569 1913 2866 1982 vindicta
2904 1911 3156 1982 similis

610 2003 679 2070 in
734 2003 1064 2072 membris
1096 2002 1445 2071 similibus
1477 2015 2005 2071 monstraretur:
2062 2002 2242 2072 sicut
2276 2024 2396 2103 per
2427 2016 2663 2102 guttur
2714 2001 2981 2091 primae
3020 2022 3154 2069 ma-

613 2091 736 2159 tris
775 2105 1021 2181 gustus
1085 2090 1370 2160 illicitus
1427 2091 1792 2170 transienS,
1846 2090 1929 2159 ad
1985 2092 2571 2178 praevaricatricis
2620 2089 2921 2160 sobolem
2980 2088 3153 2158 deri-

611 2180 788 2248 vavit
835 2180 946 2249 cul
1005 2201 1141 2259 am,
1196 2180 1296 2248 sic
1341 2178 1522 2248 etad
1559 2179 1825 2268 genitas
1873 2179 1957 2247 de
2006 2179 2131 2249 hac
2180 2181 2391 2269 stirpe
2429 2193 2923 2268 propagaretur
2958 2179 3151 2267 igno-

611 2268 910 2338 miniosa
956 2203 1378 2337 baereditas:
1438 2268 1638 2336 veluti
1695 2290 1814 2358 per
1849 2273 2121 2356 Moysen
2179 2270 2463 2338 Domino
2510 2268 2799 2337 dicitur:
2839 2269 2973 2349 Qui
3009 2267 3152 2337 red-

611 2358 715 2425 dis
762 2359 1189 2447 iniquitatem
1217 2367 1492 2447 patrum
1538 2359 1703 2445 filiis
1751 2381 1830 2425 ae
1863 2359 2204 2448 nepotibus
2234 2357 2493 2448 (Exodi
2535 2378 2752 2436 xxxiv,
2793 2361 2885 2435 7).

697 2447 937 2533 §521
1006 2451 1159 2515 Post
1208 2446 1623 2532 praemissas
1682 2459 1909 2515 autem
1960 2459 2023 2516 et
2081 2444 2252 2516 alias
2317 2446 2570 2516 multas
2638 2445 2917 2513 virtutes
2980 2465 3147 2530 quas

610 2534 942 2604 Dominus
994 2557 1113 2624 per
1145 2535 1330 2604 liunc
1368 2547 1684 2622 sanctum
1720 2557 1924 2605 suum
1977 2536 2246 2623 operari
2295 2535 2623 2625 dignatus
2670 2547 2794 2612 est,
2849 2534 3146 2622 gemitus

607 2635 672 2692 et
728 2624 1029 2712 suspiria
1080 2623 1269 2693 illius
1315 2623 1722 2704 exaudiens,
1770 2624 2027 2711 quibus
2076 2624 2390 2694 dicebat:
2446 2625 2722 2707 Quando
2771 2623 3044 2691 veniam
3090 2631 3144 2690 et

607 2714 938 2804 apparebo
998 2724 1152 2782 ante
1219 2714 1467 2802 faciem
1512 2715 1684 2780 Dei:
1737 2726 1803 2781 et
1852 2711 2167 2782 revelavit
2214 2713 2272 2782 ei
2344 2713 2715 2792 Dominu5,
2777 2711 3145 2780 consolans

606 2822 788 2880 eum,
848 2801 1210 2870 imminere
1257 2801 1438 2870 diem
1482 2800 1712 2870 obitus
1758 2802 1891 2871 sui.
1946 2806 2091 2883 Qua
2141 2801 2225 2871 de
2294 2823 2404 2880 re,
2464 2800 2846 2871 secundum
2919 2819 3145 2868 sacros

603 2911 929 2971 canoneS,
985 2903 1465 2960 testamentum
1519 2911 1748 2958 rerum
1800 2912 2081 2959 suarum
2134 2889 2464 2968 condidit,
2519 2889 2607 2959 ad
2660 2888 3141 2958 haereditatem

605 2976 793 3046 illam
844 2977 1198 3059 festinanS,
1239 2979 1324 3048 de
1370 3000 1506 3065 qua
1556 2978 1887 3067 Propheta
1928 2978 2131 3049 dicit:
2189 2984 2352 3049 Cam
2396 2980 2652 3048 dederit
2701 2979 2969 3047 dilectis·
3015 2976 3144 3044 suis

602 3089 925 3147 somnam,
980 3069 1143 3137 liaeo
1182 3079 1277 3137 est
1322 3068 1706 3137 haereditas
1741 3070 2022 3136 Domini.
2071 3069 2309 3136 Omnis
2338 3069 2458 3154 qui
2501 3066 2756 3136 dormit
2797 3067 2866 3134 in
2903 3078 3137 3138 morte,

610 3154 830 3244 perdit
879 3155 1389 3225 haereditatem.
1446 3155 1572 3225 Sed
1609 3178 1769 3224 eum
1806 3155 2070 3225 dederit
2100 3156 2370 3225 dilectis
2400 3157 2545 3225 suis
2594 3176 2945 3232 somnum,
2989 3154 3141 3222 baec

605 3255 706 3312 est
756 3243 1139 3312 haereditas
1206 3244 1503 3313 Domini:
1558 3245 1718 3330 quia
1754 3243 1950 3313 electi
2000 3246 2114 3313 Dei
2175 3258 2531 3332 postquam
2587 3243 3021 3332 pervenerint
3065 3238 3138 3308 ad

609 3344 924 3412 mortem,
962 3345 1125 3401 tunc
1175 3332 1534 3402 inveniunt
1579 3333 2094 3402 haereditatem.
2151 3334 2258 3403 Sic
2301 3339 2366 3403 S.
2404 3333 2759 3422 Remigius
2810 3345 3138 3399 terrenam

605 3419 1093 3507 derelinquens
1143 3420 1651 3497 haereditatem,
1706 3422 1968 3512 accepit
2023 3435 2415 3492 aeternam:
2469 3422 2633 3509 quia
2681 3421 2854 3488 oliva
2916 3417 3139 3489 fructi-

605 3508 746 3578 fera
797 3531 917 3598 per
966 3509 1196 3578 lucida
1246 3510 1759 3580 misericordiae
1791 3532 1998 3599 opera
2032 3512 2248 3580 extitit
2298 3511 2364 3578 in
2408 3510 2636 3591 domo,
2674 3509 2992 3579 videlicet
3025 3513 3136 3577 Ec-

604 3596 813 3667 clesia
862 3598 1002 3666 Dei.
1060 3597 1249 3667 Unde
1282 3599 1578 3685 speravit
1596 3600 1757 3690 Jure
1804 3601 1873 3668 in
1930 3599 2401 3669 misericordia
2454 3600 2565 3667 Dei
2620 3599 2753 3670 sui.
2824 3599 3137 3668 veraciter

604 3686 875 3764 dicens:
908 3693 1209 3756 Fuerunt
1240 3688 1410 3755 mihi
1442 3691 1787 3778 lacrymae
1815 3711 2003 3757 meae
2031 3712 2241 3779 panes
2274 3690 2381 3758 die
2413 3711 2493 3757 ae
2521 3699 2708 3757 noete
2729 3713 2751 3756 .·
2782 3688 2948 3775 quia
2974 3686 3135 3755 sicut

605 3797 859 3863 corpus
908 3776 1196 3845 satiatur
1241 3797 1437 3865 pane,
1496 3776 1589 3844 ita
1636 3776 1722 3845 de
1769 3776 2099 3864 lacrymis
2149 3776 2456 3847 relicitur
2503 3777 2762 3857 anima,
2819 3774 3132 3861 quoniam

604 3864 849 3932 exinde
882 3877 1110 3951 sperat
1153 3864 1626 3934 remissionem
1680 3879 2112 3953 peccatorum
2160 3867 2433 3935 habere.
2475 3868 2626 3935 Dies
2669 3886 2824 3934 vero
2870 3879 2936 3933 et
2985 3881 3125 3936 nox,

608 3973 728 4042 pro
775 3952 992 4022 seculi
1040 3952 1429 4021 diversitate
1491 3966 1877 4040 ponuntur:
1942 3955 2105 4040 quia
2170 3956 2310 4023 sive
2373 3956 2441 4023 in
2498 3954 2846 4043 prosperis
2919 3952 3126 4023 rebus,

606 4042 746 4110 sive
797 4042 864 4109 in
915 4041 1243 4121 adversis,
1298 4041 1623 4111 desiderii
1663 4042 1773 4110 sui
1826 4041 2165 4130 lacrymas
2204 4049 2412 4112 Deum
2464 4042 2868 4112 desiderans
2917 4040 3130 4109 anima

606 4129 853 4210 fundit,
900 4129 1125 4199 sciens
1161 4130 1492 4218 scriptum
1524 4153 1539 4196 ε
1593 4135 1842 4199 Vanum
1870 4142 1966 4200 est
1993 4134 2172 4200 vobis
2203 4143 2357 4201 ante
2394 4134 2608 4201 lacem
2645 4154 2969 4221 surqere;
3001 4148 3130 4196 sur·

602 4221 740 4308 qite
766 4230 1120 4310 postquam
1152 4220 1478 4298 seder-iti&
1536 4222 1659 4310 qui
1689 4221 2112 4289 manducatis
2156 4244 2398 4310 panem
2439 4221 2687 4290 doloris
2717 4221 2855 4308 (Ps.
2905 4217 3122 4297 exim)-

605 4314 768 4375 Ante
801 4308 1020 4377 lucem
1066 4309 1322 4396 quippe
1359 4330 1662 4396 surgere,
1703 4322 1826 4384 est,
1871 4308 2064 4397 prius
2113 4331 2320 4396 quam
2363 4308 2642 4378 claritas
2690 4321 3001 4376 aeternae
3040 4303 3125 4369 lu-

604 4397 701 4465 cis
749 4411 811 4466 et
864 4397 1330 4467 retributionis
1379 4411 1747 4488 appareat,
1802 4399 1870 4465 in
1925 4399 2302 4487 praesentis
2352 4399 2524 4466 vitae
2577 4410 2768 4466 nocte
2817 4394 3116 4486 gaudere.
