3347 4999
296 313 474 380 OCT.
533 312 614 377 19
969 330 1047 375 na
1094 330 1150 376 s.
1200 326 1501 386 Aoumtvo
1555 329 1752 378 nrtsc.
1805 326 2172 379 zaaotcmm
2613 315 2740 380 567

297 415 572 504 spatiiS‚
626 413 709 482 ad
753 412 1176 500 juventutem
1236 415 1544 504 pertigit:
1616 415 1683 483 in
1753 435 1888 500 qua
1961 414 2289 503 pueritiae
2350 417 2827 487 marcescenti-

297 506 428 575 bus
480 505 790 583 florinus,
834 503 1179 571 humanae
1233 504 1590 592 probitatis
1626 517 1691 572 et
1743 504 2068 572 virtutum
2122 503 2344 572 solent
2382 505 2649 593 prodire
2684 506 2829 577 fru-

296 610 470 670 ctus,
515 606 573 661 et
625 592 706 660 ad
765 594 1222 661 maturitatem
1276 594 1535 682 segetes
1589 591 2074 682 propinquare.
2115 592 2481 675 Quaeritur
2519 595 2578 661 ei
2630 617 2824 677 uxor,

299 681 636 752 nobilitati
684 681 833 770 ejus
890 702 1233 769 congrua:
1292 680 1657 759 invenitur,
1713 680 1990 749 ducitur
2027 735 2042 760 ‚
2099 681 2389 771 nuptiali
2438 681 2832 754 celebritate

296 770 787 861 conjungitur:
846 769 1069 857 proles
1139 785 1399 838 terrena
1479 770 1780 857 primum
1851 770 2202 859 gignitur,
2263 782 2339 838 ut
2390 773 2826 859 postmodum

296 860 610 931 coelestis
664 873 1076 946 procreetur.
1131 859 1431 928 Sentitur
1464 858 1765 927 carnalis
1814 880 2031 938 amor,
2100 872 2177 927 ut
2223 880 2302 927 eo
2364 860 2773 949 propudiato
2804 916 2822 943 ,

300 948 631 1039 spiritalis
669 947 1041 1016 ferventius
1087 949 1458 1016 sentiatur:
1512 947 2097 1034 quemadmodum
2157 947 2345 1034 pueri
2408 948 2562 1017 cibo
2611 949 2829 1019 solido

302 1052 592 1128 gustato,
634 1038 839 1105 ubera
885 1050 1239 1124 respuunt.
1288 1038 1643 1106 Enimvero
1673 1050 1738 1105 et
1776 1036 2059 1121 proximi
2098 1035 2394 1113 dilectio,
2426 1059 2601 1123 quae
2637 1060 2829 1126 prae·

300 1129 499 1206 cedit,
547 1126 759 1194 divini
812 1126 1090 1204 amoris,
1143 1125 1260 1210 qui
1317 1125 1661 1214 praecellit
1709 1124 2064 1212 dignitate,
2103 1124 2257 1194 licet
2305 1125 2546 1194 ordine
2587 1148 2828 1214 sequa-

306 1228 436 1295 tur,
487 1216 712 1283 nutrix
749 1236 898 1283 esse
938 1214 1141 1282 solet:
1184 1214 1239 1282 si
1277 1228 1501 1282 tamen
1552 1214 1828 1282 dilectio
1875 1226 1976 1283 est
2022 1213 2336 1291 dicenda,
2374 1236 2551 1301 quae
2583 1237 2829 1285 carna·

304 1304 454 1373 liter
478 1305 856 1372 exhibetur.
884 1303 1113 1372 Altiori
1147 1303 1329 1371 enim
1367 1303 1736 1377 intellectu,
1766 1325 1886 1371 nec
1916 1303 2246 1391 seipsum,
2284 1325 2404 1372 nec
2438 1305 2827 1393 proximum

302 1406 649 1478 tamquam
701 1394 1002 1481 seipsum
1054 1391 1303 1480 diligit,
1346 1393 1463 1478 qui
1502 1398 1708 1461 Deum
1738 1391 2048 1481 diligere,
2088 1414 2294 1478 seque
2333 1392 2396 1458 in
2435 1397 2564 1462 Deo
2598 1414 2830 1463 amare.

302 1484 538 1550 nescit.
591 1485 665 1550 At
715 1481 1159 1569 tamenjuxta
1192 1480 1558 1566 quemdam
1616 1481 1934 1560 modum,
1979 1479 2181 1549 discit
2231 1482 2709 1567 unusquisque
2758 1482 2831 1551 in

303 1572 636 1660 proximo,
674 1569 836 1656 quid
891 1569 1129 1638 debeat
1183 1574 1361 1651 De0;
1414 1584 1475 1637 et
1525 1570 1706 1638 sicut
1765 1591 2002 1638 servus
2062 1569 2278 1654 major
2338 1585 2525 1650 natu,
2564 1571 2832 1639 domini

300 1660 530 1729 adbuc
571 1659 833 1748 parvuli
877 1657 1312 1747 paedagogus
1344 1658 1677 1727 efficitur:
1719 1658 1807 1727 ita
1871 1658 2212 1726 fraternus
2251 1680 2465 1738 amor,
2508 1660 2834 1729 creatoris

302 1751 518 1817 nutrit
566 1769 895 1817 amorem.
957 1747 1318 1833 Aquilinus
1384 1748 1592 1836 igitur
1642 1760 1791 1834 post
1835 1747 2047 1816 unius
2111 1768 2401 1833 sponsae
2466 1748 2824 1838 copulam,

303 1837 676 1905 multarum
732 1836 1120 1915 animarum
1177 1851 1526 1905 strenuam
1579 1857 1816 1904 curam
1869 1835 2282 1923 quandoque
2330 1852 2827 1927 suscepturus,

299 1940 363 1994 et
400 1925 644 1993 Christi
696 1925 882 1993 vices
929 1923 1364 2011 impleturus,
1403 1924 1608 1993 discit
1659 1925 1725 1992 in
1769 1925 2084 2013 conjuge,
2123 1947 2329 2011 quam
2381 1925 2585 1994 fidem
2639 1948 2832 2015 prae—

301 2013 409 2084 sul
452 2014 613 2083 olim
666 2013 978 2093 effectus,
1026 2014 1364 2083 Ecclesiae
1413 2013 1540 2083 sibi
1599 2013 2120 2103 conjungendae
2175 2029 2514 2103 praestare
2562 2015 2825 2083 debeat.

388 2106 423 2189 ξ
469 2109 550 2174 -Ι,
606 2107 869 2171 Interea
908 2104 1166 2171 accitus
1215 2124 1256 2171 a
1303 2102 1630 2172 Clodoveo
1676 2102 1708 2136 ¹*
1750 2106 1952 2188 Rege,
1991 2103 2109 2187 qui
2159 2125 2234 2171 ea
2287 2117 2682 2191 tempestate
2727 2126 2831 2173 re-

301 2213 454 2259 rum
501 2192 901 2269 potiebatur,
945 2212 1101 2260 cum
1138 2192 1422 2260 caeteris
1466 2192 1740 2259 urbium
1798 2190 2151 2280 praefectis
2179 2190 2541 2261 adversum
2587 2193 2831 2262 barba-

301 2301 412 2347 ros
459 2279 549 2360 **,
587 2281 706 2365 qui
757 2281 823 2347 in
882 2280 1202 2349 extremis
1259 2280 1447 2367 regni
1499 2286 1909 2348 Francorum
1969 2280 2225 2349 finibus
2265 2295 2629 2367 coeperant
2675 2282 2829 2350 effe-

302 2369 464 2436 ratis
491 2369 743 2437 animis
771 2368 1197 2448 insolescere,
1236 2369 1714 2457 proficiscitur,
1753 2383 1818 2437 et
1847 2382 2210 2456 antequam
2250 2370 2560 2456 spiritale
2593 2387 2833 2440 contra

300 2455 644 2545 spiritales
688 2458 1025 2544 nequitias
1061 2457 1313 2528 bellum
1352 2458 1709 2546 suscipiat,
1764 2458 2061 2527 hostium
2126 2458 2500 2528 visibilium
2576 2460 2831 2551 pugnis

294 2560 361 2615 et
392 2548 691 2616 victoriis
727 2561 1097 2617 exercetur.
1140 2551 1380 2616 Exacto
1411 2547 1569 2617 inde
1606 2548 1897 2617 triennio
1930 2562 1996 2615 et
2034 2548 2393 2618 mensibus
2428 2571 2566 2629 sex,
2603 2549 2829 2618 omni-

300 2636 431 2706 bus
484 2636 654 2705 facta
685 2649 786 2705 est
836 2637 1120 2705 domum
1186 2635 1512 2705 redeundi
1580 2651 1897 2726 potestas.
1944 2635 2107 2722 Ejus
2148 2654 2376 2706 autem
2436 2637 2541 2725 pia
2581 2638 2833 2726 conjux

300 2723 465 2792 dum
506 2727 773 2794 abesset
823 2725 959 2804 ille,
1010 2746 1141 2794 non
1185 2727 1475 2794 cessavit
1522 2747 1557 2793 a
1615 2726 1955 2812 precibus,
2007 2725 2350 2794 intantum
2391 2724 2678 2794 sollicita
2714 2746 2833 2814 pro

300 2813 523 2883 reditu
571 2814 744 2902 ejus,
799 2828 874 2883 ut
911 2814 1113 2882 etiam
1168 2827 1393 2883 votum
1451 2815 1734 2883 Domino
1786 2813 2207 2902 nuncuparit
2260 2834 2379 2901 pro
2440 2814 2578 2892 itto,
2647 2813 2832 2899 quod

302 2915 523 2971 tamen
574 2901 1086 2989 quodammodo
1116 2903 1458 2972 videretur
1487 2924 1637 2972 esse
1666 2917 1901 2972 contra
1936 2901 2127 2969 illurn
2158 2925 2172 2968 :
2209 2916 2372 2990 puta
2405 2902 2462 2970 si
2501 2902 2834 2971 Dominus

300 2989 564 3060 salvum
603 3007 668 3061 et
707 2991 1121 3061 incolumem
1157 2992 1351 3061 illum
1401 2991 1774 3071 reduceret,
1815 3014 1886 3060 se
1929 3004 2063 3059 toto
2097 3012 2280 3059 anno
2315 3012 2470 3058 cum
2515 2990 2628 3058 illo
2668 3013 2833 3060 con-

299 3080 593 3148 tinenter
639 3081 999 3159 victuram,
1053 3081 1138 3149 de
1183 3084 1333 3165 ejus
1381 3102 1726 3149 consensu
1775 3100 1995 3165 usque
2044 3078 2215 3147 adeo
2269 3078 2439 3146 nibil
2487 3079 2835 3148 haesitans

293 3168 586 3258 (quippe
633 3190 809 3254 quae
841 3170 993 3255 ejus
1033 3170 1432 3258 pudicitiam
1487 3169 1651 3237 satis
1687 3180 2103 3255 compertam
2147 3166 2477 3247 liaberet),
2520 3181 2595 3237 ut
2626 3169 2832 3236 etiam

298 3259 447 3326 sine
487 3258 607 3326 illo
657 3259 1050 3346 promittere
1093 3280 1222 3327 non
1276 3257 1633 3335 dubitarit,
1667 3256 1849 3342 quod
1885 3277 2018 3324 non
2054 3255 2185 3323 nisi
2224 3254 2339 3324 illo
2371 3258 2836 3326 consentiente

296 3347 540 3432 exequi
596 3359 842 3433 posset.
903 3347 1027 3414 Ubi
1077 3369 1239 3436 ergo
1271 3359 1579 3434 optatum
1633 3347 1784 3434 ejus
1838 3344 2128 3413 reditum
2166 3346 2504 3434 cognovit,
2550 3367 2680 3415 non
2722 3367 2838 3434 po-

300 3436 426 3504 tuit
474 3435 822 3503 continere
873 3456 1042 3515 sese,
1096 3437 1261 3520 quin
1298 3434 1358 3502 ei
1395 3434 1663 3502 obviam
1708 3433 2120 3523 procederet,
2163 3447 2226 3502 et
2275 3433 2485 3502 animi
2524 3435 2635 3504 sui
2667 3458 2836 3526 gau·

297 3523 491 3592 dium
544 3533 1012 3591 anteverteret.
1090 3526 1452 3611 Assumpta
1524 3523 1736 3612 igitur
1806 3521 2068 3591 familia
2117 3536 2182 3592 et
2225 3537 2660 3605 commeatu,
2716 3523 2837 3610 qni

298 3626 526 3682 tantae
574 3612 667 3681 rei
717 3624 1145 3700 congrueret,
1185 3610 1573 3696 usqueadeo
1606 3610 2007 3681 acceleravit
2044 3611 2190 3691 iter,
2227 3624 2301 3680 ut
2334 3616 2697 3681 Carnotum
2733 3611 2838 3648 *⁴²*

299 3702 604 3779 venienS,
648 3700 915 3777 marito,
981 3699 1164 3789 prior
1222 3699 1547 3779 adfuerit,
1609 3722 1911 3786 eumque
1969 3699 2035 3768 in
2098 3699 2361 3769 alienae
2391 3701 2685 3771 civitatis
2719 3702 2838 3771 ho-

298 3790 528 3879 spitio,
588 3788 870 3877 perinde
917 3803 1121 3874 atque
1170 3789 1236 3857 in
1289 3811 1412 3857 sua
1454 3789 1660 3857 domo
1693 3789 2055 3879 exceperit.
2107 3789 2207 3857 Ibi
2264 3803 2407 3857 tum
2468 3812 2539 3857 se
2576 3790 2839 3860 mutuis

299 3880 716 3969 stringentes
748 3877 1207 3967 amplexibus,
1259 3881 1510 3966 pariter
1541 3878 2087 3947 admirabantur.
2128 3877 2491 3963 Aquilinus
2524 3878 2839 3967 conjugis

300 3968 706 4055 pudicitiam
758 3981 822 4035 et
869 3968 1125 4035 amoris
1167 3967 1652 4053 integritatem,
1719 3967 1970 4055 conjux
2006 3965 2306 4052 Aquilini
2349 3965 2836 4035 sinceritatem.

301 4059 504 4125 Amor
534 4058 718 4125 enim
755 4068 989 4125 castus
1035 4069 1101 4125 et
1139 4054 1468 4145 pudicitia
1503 4055 1983 4144 compulerant
2008 4055 2401 4142 conjugem,
2437 4069 2513 4125 ut
2546 4056 2841 4124 reditum

301 4144 452 4232 ejus
513 4145 1000 4235 praevenienS,
1057 4145 1251 4235 prius
1314 4165 1475 4213 eum
1540 4142 1769 4213 videre
1829 4143 2231 4225 festinaret,
2295 4164 2505 4230 quam
2556 4145 2840 4216 domum

353 4340 379 4365 ⁸
409 4339 451 4378 S·
466 4341 599 4382 nicet
619 4344 881 4384 ctodovuo
903 4343 961 4387 11.
980 4343 1061 4392 qni
1082 4342 1140 4382 ab
1159 4352 1279 4382 nuno
1300 4343 1378 4382 633
1400 4351 1551 4392 unque
1570 4341 1630 4381 ⁸1
1648 4342 1727 4382 656
1745 4342 1931 4392 sceptra
1953 4337 2122 4392 gessit.

357 4393 410 4420 ¹⁸*
439 4394 604 4435 Fuisse
625 4397 875 4437 videantur
904 4395 1060 4435 menidi
1077 4396 1154 4435 vel
1181 4396 1382 4436 Veni-due.

358 4447 441 4475 *Ψ*
470 4449 661 4496 fistuca,
679 4451 907 4497 chae-eros,
926 4451 1039 4491 urbs
1059 4446 1317 4500 episcopali
1336 4450 1447 4490 sede
1469 4452 1712 4491 exornata.
